3192 5148
421 835 478 940 r.
508 836 565 940 r.
598 753 844 940 srlru

298 1097 965 1346 silvanum

501 1565 675 1652 LIBER
707 1567 782 1651 III.

569 1881 724 1898 ω*-

398 2101 583 2168 STATIUS
607 2101 784 2169 POLLIO
801 2102 890 2169 SUO

604 2243 678 2290 sau.

122 2442 223 2569 Tiar
247 2497 354 2586 certe,
370 2495 456 2567 Polli
479 2495 682 2584 dulcissime,
703 2510 736 2566 ot
753 2497 833 2585 hac,
856 2499 911 2567 cui
936 2513 1004 2567 tam
1023 2497 1166 2569 fideliter

122 2619 276 2706 inhaeres,
297 2617 410 2711 qrriete
434 2616 643 2712 dignissime,
659 2641 728 2685 non
752 2617 860 2687 habeo
881 2616 1089 2714 probandam
1107 2618 1169 2688 diu,

122 2735 316 2807 libellorum
338 2738 479 2806 istorum
498 2735 740 2823 temeritatem,
756 2760 861 2830 quum
883 2739 966 2808 scias
986 2736 1110 2807 multos
1126 2763 1167 2807 ex

122 2856 187 2926 illis
203 2859 238 2926 in
257 2858 332 2925 sinu
348 2870 408 2925 tuo
418 2855 527 2925 subito
543 2868 651 2944 natos,
660 2869 693 2923 et
707 2853 795 2923 hauc
811 2854 984 2925 audaciam
1001 2854 1068 2924 stili
1090 2881 1167 2926 nos·

124 2979 166 3045 tri
187 2975 381 3070 frequenter
400 2999 580 3069 expaveas,
598 2975 729 3068 quoties
749 2975 785 3042 iu
807 2971 895 3043 illius
918 2973 1081 3045 facundiae
1101 2989 1167 3045 ture

123 3093 295 3190 penetrale
307 3095 479 3180 seductus,
493 3091 590 3163 altius
607 3092 734 3178 litteras
749 3096 852 3183 intro,
870 3109 904 3164 et
917 3097 952 3164 in
967 3119 1084 3164 omnes
1100 3120 1119 3164 a
1133 3110 1167 3164 te

124 3214 313 3284 studiorum
339 3215 431 3284 sinus
447 3211 563 3282 ducor.
585 3215 729 3282 Securus
750 3215 861 3307 itaque
884 3215 1001 3283 tertius
1022 3214 1078 3283 hic
1102 3213 1167 3283 Sil·

124 3358 245 3404 varum
261 3346 452 3402 nostrarum
473 3331 559 3400 liber
569 3331 613 3400 ad
629 3346 662 3400 te
675 3332 831 3402 mittitur.
843 3332 1015 3402 Habuerat
1030 3332 1166 3426 quidem

124 3468 158 3522 et
176 3452 344 3523 secundus
363 3467 503 3538 testem;
519 3450 577 3520 sed
594 3451 649 3520 hic
669 3451 771 3521 habet
785 3465 965 3521 auctorem.

172 3575 261 3644 Nam
281 3573 428 3667 primum
452 3569 554 3641 limen
577 3571 648 3665 ejus
669 3551 828 3641 Hercules
851 3572 1069 3642 Surrentinus
1087 3597 1166 3666 ape·

124 3695 183 3782 rit,
199 3717 301 3787 quem
317 3695 352 3762 in
373 3690 470 3761 litore
487 3705 546 3761 tuo
557 3705 806 3776 consecratum,
823 3693 934 3761 statim
948 3708 987 3761 ut
1002 3692 1166 3782 videram,

124 3814 176 3884 his
187 3813 339 3882 versibus
354 3811 501 3882 adoravi.
520 3811 678 3905 Sequitur
692 3809 837 3898 libellus,
856 3835 923 3905 quo
940 3810 1167 3906 splendidissi-

125 3959 218 4002 mum
242 3947 276 4002 et
300 3932 382 4001 mihi
398 3930 679 4026 jucundissimum
699 3931 877 4024 juvenem,
899 3934 1043 4001 Metium
1071 3932 1167 4003 Cele-

125 4079 210 4142 rem,
236 4079 255 4121 a
284 4054 505 4123 sacratissimo
534 4056 740 4146 Imperatore
770 4053 905 4120 missurn
933 4051 973 4120 ad
1000 4049 1165 4147 legionem

127 4175 308 4271 Syriacam,
321 4198 387 4264 qua
400 4177 493 4266 sequi
512 4196 578 4240 non
595 4166 800 4264 poteramus,
814 4172 860 4240 sic
870 4187 1066 4265 prosecutus
1080 4149 1179 4241 sum.¹
1275 4199 1279 4212 ·

989 4288 1021 4360 5.
