3080 5136
40 526 84 582 (e.
99 528 183 588 ψ.)
370 513 630 578 acfluttmos
652 515 765 578 nsua
784 523 807 577 t.

40 651 218 722 Armenti
241 665 355 746 reges,
372 663 474 742 atque
489 673 622 742 aequum
638 648 803 717 maenibus
820 648 953 734 orbem,

43 763 224 843 Consiliis
238 769 408 862 armisque
424 767 505 862 vigil
525 769 710 838 contendat
729 766 867 858 Ulixes3

45 887 186 964 Omnis
205 894 240 961 in
257 891 430 961 absentem
447 889 526 960 belli
544 911 664 961 manus
681 892 778 962 ardet
793 893 980 980 Achillem

45 1021 198 1088 Nomen
216 1013 355 1086 Achillis
375 1027 508 1101 amant,
528 1029 561 1084 et
582 1015 616 1082 in
633 1017 780 1084 Hectora
801 1014 892 1084 solus
911 1014 1059 1087 Achilles

47 1140 220 1209 Poscitur
237 1153 246 1205 t
265 1135 361 1206 illurn
383 1159 490 1205 unum
505 1137 644 1205 Teucris
659 1138 862 1230 Priamoque
879 1135 1067 1230 loquuntur

49 1259 238 1330 Fatalem:
256 1260 332 1353 quis
351 1261 439 1328 enim
457 1260 641 1328 Haemoniis
659 1260 721 1329 sub
741 1249 885 1328 vallibus
903 1256 987 1327 alter

51 1383 236 1468 Creverit,
255 1381 375 1450 effossa
395 1389 534 1475 reptans
550 1381 652 1450 nive?
669 1382 765 1475 cujus
780 1381 821 1449 ab
840 1395 918 1449 ortu

54 1502 180 1574 Cruda
197 1501 390 1571 rudimenta
408 1514 443 1570 et
462 1513 595 1571 teneros
613 1502 809 1572 formaverit
828 1513 934 1571 annos

54 1621 281 1694 Centaurus?
297 1623 400 1718 patrii
417 1624 558 1717 propior
570 1625 626 1692 cui
645 1621 736 1692 linea
753 1622 853 1692 coeli?

54 1748 218 1834 Quemve
233 1742 338 1813 alium
360 1745 493 1839 Stygios
511 1742 626 1813 tulerit
647 1759 775 1813 secreta
792 1768 852 1839 per
872 1765 987 1814 amnes

56 1864 210 1939 Nereis?
226 1879 259 1934 et
276 1863 436 1959 pulchros
455 1864 797 1961 ferroperstrinxerit
816 1867 934 1935 artus?

56 1994 143 2058 Haec
162 1989 273 2058 Graiae
293 1989 410 2056 castris
431 1987 573 2074 iterant,
592 1986 798 2080 traduntque
818 1987 984 2056 cohortes.

58 2108 163 2180 Cedit
184 2109 284 2178 turba
303 2103 448 2194 ducum,
468 2109 624 2201 vincique
641 2107 734 2176 haud
753 2122 870 2177 moesta
887 2109 1024 2177 fatetur.

116 2231 173 2300 sic
190 2252 296 2323 quum
312 2225 662 2323 bellantesPhlegraea
680 2229 715 2296 in
733 2243 842 2298 castra
857 2231 987 2297 coirent

58 2348 249 2437 Coelicolae,
263 2351 400 2443 jamque
416 2348 598 2444 Odrysiam
616 2349 786 2419 Gradivus
803 2349 838 2418 in
857 2349 988 2418 hastam

61 2477 243 2565 Surgeret,
260 2484 294 2539 et
310 2471 455 2564 Libycos
469 2470 622 2539 Tritonia
641 2468 772 2539 tolleret
788 2491 937 2565 angues,

61 2597 307 2687 lugentemque
327 2615 432 2659 manu
454 2604 611 2660 curvaret
629 2589 748 2661 Delius
769 2609 907 2685 arcum,

64 2714 183 2784 Stabat
203 2711 323 2781 anhela
341 2723 434 2781 metu
454 2711 565 2781 solum
581 2714 714 2783 Natura
731 2716 921 2782 Tonantem

64 2834 279 2928 Respiciens;
296 2832 435 2927 quando
455 2830 511 2901 ille
527 2833 653 2902 hiemes
672 2834 884 2928 tonitrusque
900 2849 1036 2904 vocaret

65 2955 239 3040 Nubibus,
259 2951 436 3048 igniferam
454 2974 530 3047 quae
549 2950 692 3022 fulmina
711 2971 865 3048 posceret
883 2955 1029 3024 AEtnam.

116 3081 224 3170 Atque
241 3056 288 3144 ibi
308 3075 391 3144 dum
409 3074 513 3143 mixta
532 3073 646 3144 vallati
667 3073 764 3169 plebe
783 3101 922 3145 suorum

65 3199 111 3266 Et
128 3197 227 3265 maris
245 3211 278 3265 et
295 3194 376 3264 belli
395 3193 588 3264 consultant
609 3211 760 3290 tempora
779 3221 894 3290 reges,

67 3317 276 3411 Increpitans
295 3341 419 3412 magno
440 3331 550 3385 vatem
569 3314 754 3386 Calchanta
774 3316 942 3404 tumultu,

66 3436 266 3508 Protesilaus
285 3440 331 3507 ait
348 3438 517 3534 (namque
535 3435 616 3508 huic
633 3429 760 3508 bellare
779 3437 903 3534 cupido
948 3441 951 3454 ’

68 3560 256 3654 Praecipua,
275 3573 309 3628 et
328 3561 444 3654 primae
461 3561 534 3654 jam
551 3573 633 3629 tunc
652 3552 733 3628 data
750 3562 846 3655 copia
864 3563 983 3631 mortis
996 3561 1032 3657 )':

119 3682 343 3750 «Onimium
359 3680 494 3767 Phoebi,
513 3679 752 3776 tripodumque
770 3681 873 3753 oblite
892 3697 1046 3772 tuorum,

68 3797 280 3898 Thestoride!
300 3800 437 3896 quando
454 3825 515 3870 ora
535 3799 609 3870 Deo
629 3821 781 3897 possessa
800 3803 951 3872 movebis

69 3923 212 3992 Justius?
230 3937 289 3992 aut
307 3923 444 4017 quando
462 3928 646 3994 Parcarum
668 3909 801 3994 occulta
818 3922 993 3994 recludes?

71 4045 197 4134 Cernis,
217 4057 255 4114 ut
275 4046 431 4140 ignotum
453 4045 567 4115 cuncti
587 4062 810 4141 stupeantque
830 4061 1015 4142 petantque

74 4165 247 4236 AEaciden?
270 4167 384 4236 sordet
405 4166 507 4263 vulgo
526 4158 734 4262 Calydonius
751 4167 869 4256 heros,

920 4290 971 4359 18.
