3192 5148
391 509 428 576 ⁴8
752 509 782 562 r.
803 509 925 564 runnu
947 509 1071 566 amru
1100 503 1103 514 ’
1343 519 1425 570 (Μ.

390 631 495 720 Aula,
512 629 753 724 Dicarcheique
770 633 862 724 sinus
883 657 890 699 :
912 657 974 700 nec
993 633 1111 726 sapius
1127 631 1197 699 istis

389 752 517 824 Blanda
533 752 731 845 Therapnaei
746 749 901 845 placeant
918 753 1032 820 vineta
1051 749 1175 820 Galesi.

390 875 453 944 Hic
467 897 524 942 seu
540 870 677 940 siderias
692 885 824 941 exercet
834 870 967 942 'Pollius
984 886 1087 958 artes,
1108 887 1109 894 ’

392 996 456 1062 Seu
477 991 581 1060 volvit
601 975 769 1080 monitus,
781 1016 865 1086 quos
885 991 943 1060 dat
960 992 1303 1087 Gargettius-auctor,

392 1115 457 1184 seu
472 1124 622 1180 nostram
637 1113 746 1205 quatit
765 1110 821 1180 ille
841 1095 978 1205 chelyn,
995 1135 1054 1180 seu
1070 1102 1202 1180 dissona
1224 1111 1327 1180 nectit

393 1231 568 1319 Carmina,
588 1231 658 1300 sive
674 1233 788 1300 minax
808 1215 952 1300 ultorem
971 1232 1105 1325 stringit
1120 1229 1272 1314 iambum

392 1352 479 1420 Hinc
494 1348 576 1419 levis
592 1375 610 1418 e
626 1347 771 1444 scopulis
791 1343 929 1419 meliora
949 1349 992 1418 ad
1008 1351 1158 1419 carmina
1177 1343 1273 1419 Siren

394 1469 552 1555 Advolat;
571 1463 651 1539 hihc
665 1470 765 1538 motis
777 1469 877 1539 ¹audit
891 1471 1043 1539 Tritonia
1063 1471 1180 1539 cristis.

394 1593 491 1658 Tunc
505 1588 612 1658 rabidi
629 1602 761 1683 ponunt
775 1577 889 1675 flatus,
908 1591 1013 1658 maria
1028 1591 1097 1684 ipsa
1114 1603 1270 1658 vetantur

395 1709 599 1803 Obstrepere
619 1733 627 1775 :
648 1721 824 1803 emergunt
841 1708 980 1804 pelago,
996 1709 1196 1802 doctamque
1212 1710 1391 1778 trahuntur

395 1827 447 1898 Ad
467 1826 608 1922 chelyn,
625 1841 659 1896 et
674 1813 790 1896 blandi
805 1825 949 1922 scopulis
965 1829 1140 1923 delphines
1159 1829 1326 1898 aderrant.
1346 1869 1348 1878 ι

442 1949 543 2036 Vive,
560 1949 661 2018 Midae
679 1950 767 2044 gazis
783 1963 816 2017 et
834 1948 929 2044 Lydo
946 1948 1048 2019 ditior
1064 1975 1162 2038 auro,

394 2061 560 2138 Troicaet
576 2053 781 2162 Euphrates¹
793 2093 893 2164 super
912 2067 1099 2138 diademata
1116 2069 1194 2140 lelix
1214 2097 1222 2137 z

396 2189 507 2278 Quem
525 2213 594 2257 non
614 2175 762 2283 ambigui
780 2185 898 2277 fasces,
914 2213 982 2257 non
999 2173 1124 2260 inohile
1139 2188 1279 2284 vulgus,

300 2305 303 2312 ’
396 2309 473 2378 Non
489 2307 593 2404 leges,
611 2333 679 2377 non
696 2321 804 2376 castra
823 2321 962 2377 tenent:
982 2309 1040 2403 qui
1060 2323 1194 2403 pectore
1210 2333 1333 2404 magno

397 2430 565 2523 Spemque
585 2440 778 2519 metumque
796 2426 925 2512 domas,
943 2429 1025 2496 vitio
1041 2426 1216 2498 sublimior
1230 2430 1339 2514 omni,

397 2551 579 2640 Exemptus
594 2546 684 2633 fatis,
698 2529 998 2641 indignantemque
1019 2545 1172 2616 refellens
1219 2557 1221 2563 ’

397 2669 579 2737 Fortunam
600 2692 608 2733 :
631 2665 771 2734 dubium
790 2651 891 2759 quem
903 2677 979 2735 'nou
999 2667 1035 2734 in
1056 2667 1189 2736 turbine
1207 2690 1321 2735 rerum

397 2783 591 2879 Deprendet
610 2809 765 2878 suprema
786 2784 871 2873 dies;
886 2783 943 2854 sed
957 2787 1049 2855 abire
1066 2779 1237 2880 paratum,

400 2907 448 2976 hc
464 2903 603 2998 plenum
622 2906 700 2972 vita.
720 2906 809 2993 Nos,
824 2903 899 2974 vilis
916 2907 1029 2995 turha,
1047 2895 1180 2977 caducis

399 3024 576 3094 Deservire
594 3022 706 3110 bonis,
723 3049 919 3120 semperque
928 3015 1050 3120 optare
1067 3027 1190 3119 parati,

398 3144 595 3236 Spargimur
614 3143 649 3211 in
669 3125 788 3213 casus:
810 3143 896 3214 celsa
913 3158 950 3214 tu
968 3148 1089 3215 mentis
1109 3147 1150 3214 ab
1170 3149 1263 3216 arce

399 3263 549 3356 Despicis
565 3277 730 3351 errantes,
747 3264 961 3358 humanaque
980 3265 1215 3360 gaudia'rides.

445 3385 589 3476 Tempus
605 3393 695 3470 erat,
711 3393 815 3478 quum
827 3375 869 3454 ¹te
887 3373 1032 3480 geminae'
1043 3385 1202 3481 suffragia
1221 3399 1318 3455 terrae

398 3503 609 3596 Diriperent,
629 3502 801 3598 celsusque
816 3493 898 3605 duas
915 3505 1073 3575 veherere
1090 3529 1150 3600 per
1167 3505 1266 3574 urhes
1287 3532 1295 3573 :

397 3619 481 3689 Inde
497 3622 692 3692 Dicarcheis
709 3621 855 3692 multum
873 3616 1062 3694 venerande
1077 3624 1220 3713 colonis,
1243 3660 1245 3666 ·

397 3740 487 3810 Hinc
501 3742 601 3810 ascite
617 3743 721 3828 meis;
739 3745 932 3837 pariterque
951 3745 1003 3814 his
1019 3744 1145 3840 largus,
1161 3761 1194 3815 et
1216 3745 1295 3834 illis,

399 3859 449 3928 Ac
459 3857 609 3951 juvenile
629 3859 755 3949 calens,
772 3859 958 3957 plectrique
974 3889 1089 3936 errore
1109 3865 1281 3960 superbus.
1341 3941 1344 3946 ,

297 4057 300 4064 ¹
399 3979 445 4045 ht
465 4001 557 4046 nunc
574 3979 719 4049 discussa
734 4006 848 4050 rerum
868 3981 1030 4080 caligine,
1051 4009 1170 4054 verum

398 4097 528 4190 Aspicis
547 4123 555 4165 ε
577 4097 635 4168 illo
653 4098 709 4168 alii
727 4093 848 4171 rursus
855 4099 1078 4196 jactentur'in
1096 4103 1185 4190 alto;

1431 515 1442 561 )
