3206 5136
114 453 149 512 (r.
162 456 213 518 sat
428 447 640 505 annuamus
662 447 770 504 Lmlttt
793 449 842 505 IV.

114 576 321 650 Eumenidas
337 576 533 668 perhibetur
549 574 661 666 aquis;
679 576 745 648 huc
765 597 913 667 mergere
931 587 1032 642 suetae

116 703 210 785 Ora,
227 712 261 766 et
278 694 470 764 anhelantes
487 708 560 762 tuto
574 693 819 787 Phlegethonte
837 707 999 762 cerastas:

116 821 183 886 Seu
201 817 369 885 Thracum
390 827 522 881 vertere
538 810 671 898 domos,
688 836 746 881 scu
764 826 851 882 tecta
868 811 1018 905 Mycenis

116 936 243 1028 Impia,
263 932 490 1002 Cadmeumve
506 928 635 1000 larem:
656 930 743 1026 sugit
758 932 829 1024 ipse
849 943 1000 999 natantes

118 1057 261 1140 Amnis,
275 1068 309 1121 et
327 1052 511 1120 innumeris
529 1049 693 1120 livescunt
710 1065 828 1144 stagna
845 1051 989 1119 venenis.

171 1177 201 1242 It
219 1195 329 1242 comcs
345 1174 444 1239 Inoas
462 1170 597 1266 Ephyre
616 1168 720 1239 solata
738 1170 907 1263 querelas,

119 1293 367 1383 Cenchreaeque
386 1313 523 1372 manns,
539 1302 654 1358 vatum
676 1313 743 1383 qua
759 1291 911 1362 conscius
930 1290 1036 1358 amnis

33 1499 37 1506 ¹
121 1414 305 1505 Gorgoneo
322 1433 498 1502 percussus
518 1432 625 1500 equo,
646 1387 779 1502 quaque
798 1407 929 1502 objacet
948 1407 1017 1478 alto

122 1530 290 1614 Isthmos,
309 1543 378 1598 eta
397 1530 493 1597 terris
512 1530 618 1597 maria
634 1527 792 1598 inclinata
809 1526 952 1622 repellit.

123 1653 203 1720 Haec
220 1673 339 1718 manus
355 1645 535 1718 Adrastum
554 1671 694 1716 numero
713 1662 764 1715 ter
780 1645 873 1716 mille
889 1649 995 1718 secuti

122 1768 304 1838 Exsultant
321 1795 329 1837 τ
349 1793 427 1863 pars
444 1792 521 1863 gesa
539 1791 659 1853 manu,
676 1791 752 1860 pars
769 1767 892 1836 rohora
909 1765 1052 1836 flammis

121 1889 287 1974 indurata
305 1887 382 1976 diu,
400 1912 469 1956 non
488 1911 575 1956 unus
594 1910 738 1979 namque
757 1884 914 1982 maniplis

124 2011 221 2095 Mos,
240 2030 350 2100 neque
367 2007 502 2102 sanguis
516 2007 620 2093 inest,
638 2020 759 2074 teretes
776 2029 853 2100 pars
870 2020 1001 2076 vertere
1013 2003 1133 2074 fundas

123 2127 274 2214 Assueti,
294 2149 468 2218 vacuoque
487 2124 577 2193 diem
594 2125 796 2218 praecingere
812 2149 905 2220 gyro.

124 2251 203 2340 lpse
222 2246 318 2316 annis
335 2244 539 2338 sceptrisque
556 2244 647 2312 subit
662 2243 859 2312 venerahilis
876 2267 979 2338 aque.

177 2368 225 2435 Ut
243 2387 390 2458 possessa
408 2361 467 2432 diu
484 2376 600 2432 taurus
618 2377 707 2432 meat
724 2361 849 2432 arduus
866 2363 955 2432 inter

124 2489 272 2572 Pascua,
283 2484 355 2577 jam
373 2480 448 2550 laxa
464 2483 611 2562 cervice,
626 2498 660 2551 et
680 2484 836 2552 inanibus
853 2484 969 2569 armis,

128 2607 206 2674 Dux
224 2619 334 2672 tamen
352 2627 361 2670 ε
377 2599 470 2672 haud
486 2599 581 2670 illum
600 2598 689 2669 bello
706 2615 871 2671 attentare
886 2603 1040 2695 juvencis

125 2727 217 2793 Sunt
231 2723 351 2809 animi;
369 2747 449 2792 nam
468 2736 589 2791 trunca
607 2721 722 2790 vident
739 2721 782 2789 de
800 2721 939 2791 vulnere
957 2720 1065 2792 multo

124 2847 280 2928 Cornua,
301 2856 335 2910 ct
351 2843 504 2935 ingentes
522 2840 697 2935 plagarum
714 2842 749 2909 in
767 2855 901 2934 pectore
919 2842 1035 2912 nodos.

178 2961 334 3030 Proxima
355 2959 507 3055 longaevo
525 2959 652 3054 profert
669 2963 819 3030 Dircaeus
838 2961 981 3032 Adrasto

128 3083 232 3176 Signa
253 3103 366 3176 gener,
386 3080 441 3148 cai
459 3055 548 3148 bella
566 3078 680 3147 savent
699 3104 707 3146 :
725 3082 779 3148 cui
797 3077 988 3149 commodat
1005 3080 1070 3150 iras

129 3207 260 3271 Cuncta
277 3199 397 3270 cohors
414 3223 423 3266 ε
442 3198 521 3266 huic
538 3213 573 3266 et
588 3198 698 3291 patria
714 3198 756 3266 de
772 3197 850 3268 sede
871 3197 1020 3268 volentes

129 3321 305 3391 Advenere
324 3323 403 3407 viri;
424 3343 481 3390 seu
498 3343 583 3412 quos
599 3334 713 3388 movet
733 3317 845 3403 exsul,
863 3334 896 3388 et
916 3318 1010 3390 hesit

127 3443 297 3511 Tristibus
315 3457 413 3512 aucta
431 3439 528 3527 fides,
544 3464 602 3510 seu
620 3438 695 3534 quis
715 3452 848 3510 mutare
866 3454 1020 3536 potentes

128 3563 365 3656 Praecipuum:
387 3561 503 3649 multi,
523 3560 643 3630 melior
663 3587 748 3654 qnos
765 3586 865 3631 causa
882 3562 1037 3654 querenti

129 3680 306 3751 Conciliat.
325 3680 471 3751 Dederat
489 3705 551 3750 nec
571 3705 640 3750 non
660 3706 756 3751 socer
773 3685 845 3778 ipse
863 3680 1025 3775 regendas

96 3825 100 3832 ·
131 3803 271 3896 AEgion,
288 3805 506 3896 Arenenqne,
524 3818 559 3872 et
574 3827 658 3895 quas
678 3802 816 3872 Theseia
833 3805 972 3871 Troezen

128 3921 234 3993 Addit
250 3947 348 4020 opes,
370 3947 412 3992 ne
431 3948 507 3994 rara
524 3949 662 3994 movens
681 3921 847 4017 inglorius
866 3924 929 3991 iret

130 4043 290 4138 Agmina,
311 4067 377 4114 nen
396 4059 512 4138 raptos
527 4046 644 4138 patriae
660 4045 801 4113 sentiret
819 4045 975 4113 honores.

1014 4190 1039 4231 1.
