<?xml version="1.0" encoding="UTF-8"?>
<!DOCTYPE html PUBLIC "-//W3C//DTD XHTML 1.0 Transitional//EN"
    "http://www.w3.org/TR/xhtml1/DTD/xhtml1-transitional.dtd">
<html xmlns="http://www.w3.org/1999/xhtml" xml:lang="en" lang="en">
 <head>
  <title>
</title>
<meta http-equiv="Content-Type" content="text/html;charset=utf-8" />
  <meta name='ocr-system' content='tesseract 3.04.00' />
  <meta name='ocr-capabilities' content='ocr_page ocr_carea ocr_par ocr_line ocrx_word'/>
</head>
<body>
  <div class='ocr_page' id='page_1' title='image "./operaquaeextant00dbgoog_0467.png"; bbox 0 0 3172 5142; ppageno 0'>
   <div class='ocr_carea' id='block_1_1' title="bbox 381 476 1454 543">
    <p class='ocr_par' dir='ltr' id='par_1_1' title="bbox 381 476 1454 543">
     <span class='ocr_line' id='line_1_1' title="bbox 381 476 1454 543; baseline -0.008 -7"><span class='ocrx_word' id='word_1_1' title='bbox 381 481 435 538; x_wconf 74' lang='lat'><strong>126</strong></span> <span class='ocrx_word' id='word_1_2' title='bbox 677 477 892 536; x_wconf 75' lang='lat' dir='ltr'><strong>mosmos</strong></span> <span class='ocrx_word' id='word_1_3' title='bbox 913 479 1023 536; x_wconf 73' lang='lat' dir='ltr'><strong>amna</strong></span> <span class='ocrx_word' id='word_1_4' title='bbox 1044 477 1127 534; x_wconf 86' lang='lat' dir='ltr'><strong>vm.</strong></span> <span class='ocrx_word' id='word_1_5' title='bbox 1320 476 1357 540; x_wconf 73' lang='lat' dir='ltr'><strong>o.</strong></span> <span class='ocrx_word' id='word_1_6' title='bbox 1370 478 1454 543; x_wconf 61' lang='grc' dir='ltr'><strong>ης.)</strong></span> 
     </span>
    </p>
   </div>
   <div class='ocr_carea' id='block_1_2' title="bbox 338 581 1392 4184">
    <p class='ocr_par' dir='ltr' id='par_1_2' title="bbox 377 581 1213 698">
     <span class='ocr_line' id='line_1_2' title="bbox 377 581 1213 698; baseline -0.008 -23"><span class='ocrx_word' id='word_1_7' title='bbox 377 581 611 698; x_wconf 75' lang='lat' dir='ltr'><strong>Convenitque</strong></span> <span class='ocrx_word' id='word_1_8' title='bbox 626 604 724 690; x_wconf 85' lang='lat' dir='ltr'><strong>Deis,</strong></span> <span class='ocrx_word' id='word_1_9' title='bbox 743 602 841 674; x_wconf 89' lang='lat' dir='ltr'><strong>hilari</strong></span> <span class='ocrx_word' id='word_1_10' title='bbox 861 627 922 698; x_wconf 89' lang='lat' dir='ltr'><strong>per</strong></span> <span class='ocrx_word' id='word_1_11' title='bbox 939 617 1048 672; x_wconf 88' lang='lat' dir='ltr'><strong>castra</strong></span> <span class='ocrx_word' id='word_1_12' title='bbox 1066 599 1213 671; x_wconf 84' lang='lat' dir='ltr'><strong>tumultu</strong></span> 
     </span>
    </p>

    <p class='ocr_par' dir='ltr' id='par_1_3' title="bbox 369 719 1328 939">
     <span class='ocr_line' id='line_1_3' title="bbox 369 719 1328 828; baseline -0.005 -34"><span class='ocrx_word' id='word_1_13' title='bbox 369 723 478 828; x_wconf 77' lang='lat' dir='ltr'><strong>¹Vadit</strong></span> <span class='ocrx_word' id='word_1_14' title='bbox 496 749 600 794; x_wconf 87' lang='lat' dir='ltr'><strong>ovans</strong></span> <span class='ocrx_word' id='word_1_15' title='bbox 621 749 630 792; x_wconf 74' lang='lat' dir='ltr'><strong><em>z</em></strong></span> <span class='ocrx_word' id='word_1_16' title='bbox 649 747 707 812; x_wconf 88' lang='lat' dir='ltr'><strong>ac,</strong></span> <span class='ocrx_word' id='word_1_17' title='bbox 729 723 838 819; x_wconf 85' lang='lat' dir='ltr'><strong>prima</strong></span> <span class='ocrx_word' id='word_1_18' title='bbox 857 725 909 792; x_wconf 84' lang='lat' dir='ltr'><strong>sui</strong></span> <span class='ocrx_word' id='word_1_19' title='bbox 928 721 1149 810; x_wconf 75' lang='lat' dir='ltr'><strong>dommenta,</strong></span> <span class='ocrx_word' id='word_1_20' title='bbox 1170 719 1328 790; x_wconf 72' lang='lat' dir='ltr'><strong>sacoedoe</strong></span> 
     </span>
     <span class='ocr_line' id='line_1_4' title="bbox 374 841 1165 939; baseline -0.005 -25"><span class='ocrx_word' id='word_1_21' title='bbox 374 842 543 914; x_wconf 83' lang='lat' dir='ltr'><strong>Tellurem</strong></span> <span class='ocrx_word' id='word_1_22' title='bbox 562 841 695 938; x_wconf 67' lang='grc' dir='ltr'><strong>ρὶαιαπο</strong></span> <span class='ocrx_word' id='word_1_23' title='bbox 711 859 808 939; x_wconf 87' lang='lat' dir='ltr'><strong>parat</strong></span> <span class='ocrx_word' id='word_1_24' title='bbox 824 869 833 912; x_wconf 74' lang='grc' dir='ltr'><strong><em>ε</em></strong></span> <span class='ocrx_word' id='word_1_25' title='bbox 852 867 913 912; x_wconf 89' lang='lat' dir='ltr'><strong>nec</strong></span> <span class='ocrx_word' id='word_1_26' title='bbox 928 841 1024 912; x_wconf 86' lang='lat' dir='ltr'><strong>futile</strong></span> <span class='ocrx_word' id='word_1_27' title='bbox 1040 842 1165 912; x_wconf 85' lang='lat' dir='ltr'><strong>moestis</strong></span> 
     </span>
    </p>

    <p class='ocr_par' dir='ltr' id='par_1_4' title="bbox 374 963 1192 1180">
     <span class='ocr_line' id='line_1_5' title="bbox 374 963 1192 1061; baseline -0.001 -27"><span class='ocrx_word' id='word_1_28' title='bbox 374 965 413 1034; x_wconf 94' lang='lat' dir='ltr'><strong>Id</strong></span> <span class='ocrx_word' id='word_1_29' title='bbox 431 966 539 1034; x_wconf 85' lang='lat' dir='ltr'><strong>visum</strong></span> <span class='ocrx_word' id='word_1_30' title='bbox 555 967 683 1035; x_wconf 82' lang='lat' dir='ltr'>Danais</span> <span class='ocrx_word' id='word_1_31' title='bbox 701 992 710 1034; x_wconf 74' lang='grc' dir='ltr'>ι</span> <span class='ocrx_word' id='word_1_32' title='bbox 729 967 878 1061; x_wconf 81' lang='lat' dir='ltr'><strong>geminas</strong></span> <span class='ocrx_word' id='word_1_33' title='bbox 894 989 975 1061; x_wconf 86' lang='lat' dir='ltr'><strong>ergo</strong></span> <span class='ocrx_word' id='word_1_34' title='bbox 992 963 1084 1035; x_wconf 84' lang='lat' dir='ltr'><strong>ilicet</strong></span> <span class='ocrx_word' id='word_1_35' title='bbox 1099 987 1192 1044; x_wconf 36' lang='lat' dir='ltr'><strong>ama,</strong></span> 
     </span>
     <span class='ocr_line' id='line_1_6' title="bbox 375 1085 1105 1180; baseline -0.003 -25"><span class='ocrx_word' id='word_1_36' title='bbox 375 1085 564 1155; x_wconf 77' lang='lat' dir='ltr'><strong>Arboribus</strong></span> <span class='ocrx_word' id='word_1_37' title='bbox 581 1087 684 1174; x_wconf 83' lang='lat' dir='ltr'><strong>vivis,</strong></span> <span class='ocrx_word' id='word_1_38' title='bbox 706 1101 739 1154; x_wconf 85' lang='lat' dir='ltr'><strong>et</strong></span> <span class='ocrx_word' id='word_1_39' title='bbox 757 1085 873 1155; x_wconf 88' lang='lat' dir='ltr'><strong>adulto</strong></span> <span class='ocrx_word' id='word_1_40' title='bbox 894 1087 1019 1180; x_wconf 80' lang='lat' dir='ltr'><strong>cespite</strong></span> <span class='ocrx_word' id='word_1_41' title='bbox 1039 1087 1105 1154; x_wconf 86' lang='lat' dir='ltr'><strong>texi</strong></span> 
     </span>
    </p>

    <p class='ocr_par' dir='ltr' id='par_1_5' title="bbox 375 1181 1310 1301">
     <span class='ocr_line' id='line_1_7' title="bbox 375 1181 1310 1301; baseline 0 -27"><span class='ocrx_word' id='word_1_42' title='bbox 375 1181 542 1301; x_wconf 77' lang='lat' dir='ltr'><strong>imperat,</strong></span> <span class='ocrx_word' id='word_1_43' title='bbox 564 1208 827 1300; x_wconf 84' lang='lat' dir='ltr'><strong>innumerosque</strong></span> <span class='ocrx_word' id='word_1_44' title='bbox 847 1211 929 1277; x_wconf 76' lang='lat' dir='ltr'><strong>Dete</strong></span> <span class='ocrx_word' id='word_1_45' title='bbox 950 1231 1008 1276; x_wconf 92' lang='lat' dir='ltr'><strong>sua</strong></span> <span class='ocrx_word' id='word_1_46' title='bbox 1029 1229 1171 1276; x_wconf 88' lang='lat' dir='ltr'><strong>munera</strong></span> <span class='ocrx_word' id='word_1_47' title='bbox 1190 1205 1310 1290; x_wconf 87' lang='lat' dir='ltr'><strong>liores,</strong></span> 
     </span>
    </p>

    <p class='ocr_par' dir='ltr' id='par_1_6' title="bbox 338 1325 1392 1542">
     <span class='ocr_line' id='line_1_8' title="bbox 338 1325 1392 1422; baseline -0.002 -26"><span class='ocrx_word' id='word_1_48' title='bbox 338 1344 340 1350; x_wconf 81' lang='grc'><em>’</em></span> <span class='ocrx_word' id='word_1_49' title='bbox 374 1331 418 1396; x_wconf 88' lang='lat' dir='ltr'><strong>Et</strong></span> <span class='ocrx_word' id='word_1_50' title='bbox 434 1325 586 1396; x_wconf 81' lang='lat' dir='ltr'><strong>cumulos</strong></span> <span class='ocrx_word' id='word_1_51' title='bbox 604 1326 756 1422; x_wconf 85' lang='lat' dir='ltr'><strong>frugum,</strong></span> <span class='ocrx_word' id='word_1_52' title='bbox 773 1341 807 1395; x_wconf 89' lang='lat' dir='ltr'><strong>et</strong></span> <span class='ocrx_word' id='word_1_53' title='bbox 824 1326 989 1421; x_wconf 91' lang='lat' dir='ltr'><strong>quidquid</strong></span> <span class='ocrx_word' id='word_1_54' title='bbox 1007 1341 1110 1396; x_wconf 83' lang='lat' dir='ltr'><strong>uorat</strong></span> <span class='ocrx_word' id='word_1_55' title='bbox 1127 1327 1257 1421; x_wconf 78' lang='lat' dir='ltr'><strong>integer</strong></span> <span class='ocrx_word' id='word_1_56' title='bbox 1273 1349 1392 1395; x_wconf 84' lang='lat' dir='ltr'><strong>annus</strong></span> 
     </span>
     <span class='ocr_line' id='line_1_9' title="bbox 374 1445 1122 1542; baseline -0.004 -24"><span class='ocrx_word' id='word_1_57' title='bbox 374 1446 495 1534; x_wconf 83' lang='lat' dir='ltr'><strong>Addit,</strong></span> <span class='ocrx_word' id='word_1_58' title='bbox 515 1461 548 1515; x_wconf 92' lang='lat' dir='ltr'><strong>et</strong></span> <span class='ocrx_word' id='word_1_59' title='bbox 569 1447 695 1516; x_wconf 90' lang='lat' dir='ltr'><strong>intacto</strong></span> <span class='ocrx_word' id='word_1_60' title='bbox 716 1470 876 1542; x_wconf 85' lang='lat' dir='ltr'><strong>spargens</strong></span> <span class='ocrx_word' id='word_1_61' title='bbox 896 1445 1015 1516; x_wconf 88' lang='lat' dir='ltr'><strong>altaria</strong></span> <span class='ocrx_word' id='word_1_62' title='bbox 1036 1445 1122 1515; x_wconf 87' lang='lat' dir='ltr'><strong>lacte</strong></span> 
     </span>
    </p>

    <p class='ocr_par' dir='ltr' id='par_1_7' title="bbox 376 1567 1370 2263">
     <span class='ocr_line' id='line_1_10' title="bbox 376 1567 1336 1661; baseline 0 -25"><span class='ocrx_word' id='word_1_63' title='bbox 376 1568 498 1661; x_wconf 89' lang='lat' dir='ltr'><strong>Incipit</strong></span> <span class='ocrx_word' id='word_1_64' title='bbox 519 1593 526 1635; x_wconf 93' lang='lat'><strong>:</strong></span> <span class='ocrx_word' id='word_1_65' title='bbox 546 1569 606 1636; x_wconf 78' lang='grc' dir='ltr'><strong>«Ο</strong></span> <span class='ocrx_word' id='word_1_66' title='bbox 624 1567 799 1636; x_wconf 89' lang='lat' dir='ltr'><strong>hominum</strong></span> <span class='ocrx_word' id='word_1_67' title='bbox 817 1569 1013 1660; x_wconf 86' lang='lat' dir='ltr'><strong>Divumque</strong></span> <span class='ocrx_word' id='word_1_68' title='bbox 1029 1581 1152 1635; x_wconf 78' lang='lat' dir='ltr'><strong>aeterna</strong></span> <span class='ocrx_word' id='word_1_69' title='bbox 1170 1570 1336 1653; x_wconf 82' lang='lat' dir='ltr'><strong>creatrix,</strong></span> 
     </span>
     <span class='ocr_line' id='line_1_11' title="bbox 376 1684 1358 1780; baseline 0 -25"><span class='ocrx_word' id='word_1_70' title='bbox 376 1687 461 1776; x_wconf 84' lang='lat' dir='ltr'><strong>Quoe</strong></span> <span class='ocrx_word' id='word_1_71' title='bbox 478 1685 613 1772; x_wconf 84' lang='lat' dir='ltr'><strong>duvios,</strong></span> <span class='ocrx_word' id='word_1_72' title='bbox 632 1684 813 1780; x_wconf 79' lang='lat' dir='ltr'><strong>silvasque,</strong></span> <span class='ocrx_word' id='word_1_73' title='bbox 832 1686 1021 1755; x_wconf 89' lang='lat' dir='ltr'><strong>animarum</strong></span> <span class='ocrx_word' id='word_1_74' title='bbox 1039 1700 1073 1754; x_wconf 86' lang='lat' dir='ltr'><strong>et</strong></span> <span class='ocrx_word' id='word_1_75' title='bbox 1091 1688 1220 1755; x_wconf 88' lang='lat' dir='ltr'><strong>semina</strong></span> <span class='ocrx_word' id='word_1_76' title='bbox 1237 1687 1358 1756; x_wconf 90' lang='lat' dir='ltr'><strong>mundi</strong></span> 
     </span>
     <span class='ocr_line' id='line_1_12' title="bbox 376 1806 1335 1900; baseline 0 -24"><span class='ocrx_word' id='word_1_77' title='bbox 376 1809 525 1890; x_wconf 89' lang='lat' dir='ltr'><strong>Cuncta,</strong></span> <span class='ocrx_word' id='word_1_78' title='bbox 546 1806 829 1900; x_wconf 83' lang='lat' dir='ltr'><strong>Prometheasque</strong></span> <span class='ocrx_word' id='word_1_79' title='bbox 850 1829 990 1894; x_wconf 85' lang='lat' dir='ltr'><strong>manus,</strong></span> <span class='ocrx_word' id='word_1_80' title='bbox 1011 1807 1235 1900; x_wconf 76' lang='lat' dir='ltr'><strong>Pyrrhaeaque</strong></span> <span class='ocrx_word' id='word_1_81' title='bbox 1254 1831 1335 1876; x_wconf 80' lang='lat' dir='ltr'><strong>saxa</strong></span> 
     </span>
     <span class='ocr_line' id='line_1_13' title="bbox 378 1923 1311 2021; baseline -0.002 -25"><span class='ocrx_word' id='word_1_82' title='bbox 378 1927 518 2021; x_wconf 85' lang='lat' dir='ltr'><strong>Gignis;</strong></span> <span class='ocrx_word' id='word_1_83' title='bbox 538 1940 571 1995; x_wconf 88' lang='lat' dir='ltr'><strong>ct</strong></span> <span class='ocrx_word' id='word_1_84' title='bbox 593 1927 743 2020; x_wconf 84' lang='lat' dir='ltr'><strong>impastis</strong></span> <span class='ocrx_word' id='word_1_85' title='bbox 763 1951 837 2020; x_wconf 72' lang='lat' dir='ltr'><strong>que</strong></span> <span class='ocrx_word' id='word_1_86' title='bbox 858 1927 969 2020; x_wconf 88' lang='lat' dir='ltr'><strong>prima</strong></span> <span class='ocrx_word' id='word_1_87' title='bbox 988 1924 1147 1996; x_wconf 87' lang='lat' dir='ltr'><strong>alimenta</strong></span> <span class='ocrx_word' id='word_1_88' title='bbox 1169 1923 1311 2015; x_wconf 86' lang='lat' dir='ltr'><strong>dedisti,</strong></span> 
     </span>
     <span class='ocr_line' id='line_1_14' title="bbox 377 2021 1370 2142; baseline -0.001 -26"><span class='ocrx_word' id='word_1_89' title='bbox 377 2048 583 2140; x_wconf 84' lang='lat' dir='ltr'><strong>Mutastiquo</strong></span> <span class='ocrx_word' id='word_1_90' title='bbox 601 2046 703 2131; x_wconf 79' lang='lat' dir='ltr'><strong>vices3</strong></span> <span class='ocrx_word' id='word_1_91' title='bbox 723 2071 797 2141; x_wconf 83' lang='lat' dir='ltr'><strong>quae</strong></span> <span class='ocrx_word' id='word_1_92' title='bbox 816 2061 960 2142; x_wconf 87' lang='lat' dir='ltr'><strong>pontum</strong></span> <span class='ocrx_word' id='word_1_93' title='bbox 979 2021 1169 2141; x_wconf 75' lang='lat' dir='ltr'><strong>ambisque,</strong></span> <span class='ocrx_word' id='word_1_94' title='bbox 1191 2047 1370 2140; x_wconf 80' lang='lat' dir='ltr'><strong>vebisque,</strong></span> 
     </span>
     <span class='ocr_line' id='line_1_15' title="bbox 378 2167 1307 2263; baseline -0.002 -25"><span class='ocrx_word' id='word_1_95' title='bbox 378 2171 425 2238; x_wconf 90' lang='lat' dir='ltr'><strong>Te</strong></span> <span class='ocrx_word' id='word_1_96' title='bbox 443 2193 542 2263; x_wconf 89' lang='lat' dir='ltr'><strong>penes</strong></span> <span class='ocrx_word' id='word_1_97' title='bbox 560 2183 593 2238; x_wconf 88' lang='lat' dir='ltr'><strong>et</strong></span> <span class='ocrx_word' id='word_1_98' title='bbox 610 2168 777 2262; x_wconf 75' lang='lat' dir='ltr'><strong>pecudum</strong></span> <span class='ocrx_word' id='word_1_99' title='bbox 796 2193 876 2263; x_wconf 86' lang='lat' dir='ltr'><strong>gens</strong></span> <span class='ocrx_word' id='word_1_100' title='bbox 895 2168 1003 2254; x_wconf 88' lang='lat' dir='ltr'><strong>mitis,</strong></span> <span class='ocrx_word' id='word_1_101' title='bbox 1022 2181 1057 2236; x_wconf 90' lang='lat' dir='ltr'><strong>et</strong></span> <span class='ocrx_word' id='word_1_102' title='bbox 1071 2169 1123 2236; x_wconf 90' lang='lat' dir='ltr'><strong>ira</strong></span> <span class='ocrx_word' id='word_1_103' title='bbox 1141 2167 1307 2255; x_wconf 83' lang='lat' dir='ltr'><strong>fetarum,</strong></span> 
     </span>
    </p>

    <p class='ocr_par' dir='ltr' id='par_1_8' title="bbox 379 2286 1386 2480">
     <span class='ocr_line' id='line_1_16' title="bbox 379 2286 1386 2383; baseline -0.001 -24"><span class='ocrx_word' id='word_1_104' title='bbox 379 2293 423 2359; x_wconf 90' lang='lat' dir='ltr'><strong>Et</strong></span> <span class='ocrx_word' id='word_1_105' title='bbox 444 2288 618 2359; x_wconf 88' lang='lat' dir='ltr'><strong>volucrum</strong></span> <span class='ocrx_word' id='word_1_106' title='bbox 637 2290 787 2383; x_wconf 81' lang='lat' dir='ltr'><strong>requies,</strong></span> <span class='ocrx_word' id='word_1_107' title='bbox 805 2288 940 2358; x_wconf 83' lang='lat' dir='ltr'><strong>firmum</strong></span> <span class='ocrx_word' id='word_1_108' title='bbox 956 2303 1057 2383; x_wconf 86' lang='lat' dir='ltr'><strong>atque</strong></span> <span class='ocrx_word' id='word_1_109' title='bbox 1073 2286 1244 2358; x_wconf 89' lang='lat' dir='ltr'><strong>immobile</strong></span> <span class='ocrx_word' id='word_1_110' title='bbox 1264 2290 1386 2359; x_wconf 91' lang='lat' dir='ltr'><strong>mundi</strong></span> 
     </span>
     <span class='ocr_line' id='line_1_17' title="bbox 381 2407 1135 2480; baseline -0.003 0"><span class='ocrx_word' id='word_1_111' title='bbox 381 2411 497 2480; x_wconf 89' lang='lat' dir='ltr'><strong>Robur</strong></span> <span class='ocrx_word' id='word_1_112' title='bbox 515 2407 698 2480; x_wconf 83' lang='lat' dir='ltr'><strong>inoccidui!</strong></span> <span class='ocrx_word' id='word_1_113' title='bbox 721 2425 753 2479; x_wconf 92' lang='lat' dir='ltr'><strong>te</strong></span> <span class='ocrx_word' id='word_1_114' title='bbox 772 2409 867 2480; x_wconf 87' lang='lat' dir='ltr'><strong>velox</strong></span> <span class='ocrx_word' id='word_1_115' title='bbox 887 2410 1041 2480; x_wconf 89' lang='lat' dir='ltr'><strong>machina</strong></span> <span class='ocrx_word' id='word_1_116' title='bbox 1061 2409 1135 2480; x_wconf 84' lang='lat' dir='ltr'><strong>coeli</strong></span> 
     </span>
    </p>

    <p class='ocr_par' dir='ltr' id='par_1_9' title="bbox 383 2528 1182 2626">
     <span class='ocr_line' id='line_1_18' title="bbox 383 2528 1182 2626; baseline -0.005 -24"><span class='ocrx_word' id='word_1_117' title='bbox 383 2534 469 2602; x_wconf 83' lang='lat' dir='ltr'><strong>dere</strong></span> <span class='ocrx_word' id='word_1_118' title='bbox 485 2528 686 2624; x_wconf 87' lang='lat' dir='ltr'><strong>pendentem</strong></span> <span class='ocrx_word' id='word_1_119' title='bbox 704 2555 829 2620; x_wconf 89' lang='lat' dir='ltr'><strong>vacuo,</strong></span> <span class='ocrx_word' id='word_1_120' title='bbox 847 2547 881 2600; x_wconf 92' lang='lat' dir='ltr'><strong>te</strong></span> <span class='ocrx_word' id='word_1_121' title='bbox 900 2555 1020 2600; x_wconf 84' lang='lat' dir='ltr'><strong>currus</strong></span> <span class='ocrx_word' id='word_1_122' title='bbox 1040 2545 1182 2626; x_wconf 90' lang='lat' dir='ltr'><strong>uterque</strong></span> 
     </span>
    </p>

    <p class='ocr_par' dir='ltr' id='par_1_10' title="bbox 379 2646 1335 3104">
     <span class='ocr_line' id='line_1_19' title="bbox 386 2646 1266 2746; baseline -0.001 -26"><span class='ocrx_word' id='word_1_123' title='bbox 386 2646 512 2720; x_wconf 75' lang='lat' dir='ltr'><strong>Circuit</strong></span> <span class='ocrx_word' id='word_1_124' title='bbox 541 2677 549 2721; x_wconf 92' lang='lat'>:</span> <span class='ocrx_word' id='word_1_125' title='bbox 577 2675 736 2724; x_wconf 79' lang='lat' dir='ltr'><strong>oretum</strong></span> <span class='ocrx_word' id='word_1_126' title='bbox 762 2650 889 2738; x_wconf 90' lang='lat' dir='ltr'><strong>media,</strong></span> <span class='ocrx_word' id='word_1_127' title='bbox 909 2651 1118 2745; x_wconf 81' lang='lat' dir='ltr'><strong>indivisaque</strong></span> <span class='ocrx_word' id='word_1_128' title='bbox 1136 2652 1266 2746; x_wconf 84' lang='lat' dir='ltr'><strong>magnis</strong></span> 
     </span>
     <span class='ocr_line' id='line_1_20' title="bbox 379 2766 1335 2867; baseline 0.002 -29"><span class='ocrx_word' id='word_1_129' title='bbox 379 2766 568 2840; x_wconf 81' lang='lat' dir='ltr'><strong>Fratribus!</strong></span> <span class='ocrx_word' id='word_1_130' title='bbox 591 2793 673 2865; x_wconf 88' lang='lat' dir='ltr'><strong>ergo</strong></span> <span class='ocrx_word' id='word_1_131' title='bbox 693 2769 793 2840; x_wconf 87' lang='lat' dir='ltr'><strong>simul</strong></span> <span class='ocrx_word' id='word_1_132' title='bbox 812 2787 863 2840; x_wconf 90' lang='lat' dir='ltr'><strong>tot</strong></span> <span class='ocrx_word' id='word_1_133' title='bbox 882 2772 1037 2867; x_wconf 85' lang='lat' dir='ltr'><strong>gentibus</strong></span> <span class='ocrx_word' id='word_1_134' title='bbox 1057 2769 1164 2857; x_wconf 88' lang='lat' dir='ltr'><strong>alma,</strong></span> <span class='ocrx_word' id='word_1_135' title='bbox 1186 2785 1237 2840; x_wconf 91' lang='lat' dir='ltr'><strong>tot</strong></span> <span class='ocrx_word' id='word_1_136' title='bbox 1257 2770 1335 2841; x_wconf 89' lang='lat' dir='ltr'><strong>altis</strong></span> 
     </span>
     <span class='ocr_line' id='line_1_21' title="bbox 379 2889 1290 2986; baseline 0 -28"><span class='ocrx_word' id='word_1_137' title='bbox 379 2889 548 2979; x_wconf 90' lang='lat' dir='ltr'><strong>Urbibus,</strong></span> <span class='ocrx_word' id='word_1_138' title='bbox 570 2914 609 2960; x_wconf 90' lang='lat' dir='ltr'><strong>ac</strong></span> <span class='ocrx_word' id='word_1_139' title='bbox 629 2889 782 2986; x_wconf 89' lang='lat' dir='ltr'><strong>populis,</strong></span> <span class='ocrx_word' id='word_1_140' title='bbox 802 2891 983 2986; x_wconf 81' lang='lat' dir='ltr'><strong>subterque</strong></span> <span class='ocrx_word' id='word_1_141' title='bbox 1003 2915 1041 2960; x_wconf 91' lang='lat' dir='ltr'><strong>ac</strong></span> <span class='ocrx_word' id='word_1_142' title='bbox 1059 2889 1201 2985; x_wconf 84' lang='lat' dir='ltr'><strong>desuper</strong></span> <span class='ocrx_word' id='word_1_143' title='bbox 1221 2915 1290 2959; x_wconf 91' lang='lat' dir='ltr'><strong>una</strong></span> 
     </span>
     <span class='ocr_line' id='line_1_22' title="bbox 379 3009 1258 3104; baseline 0 -26"><span class='ocrx_word' id='word_1_144' title='bbox 379 3009 524 3096; x_wconf 79' lang='lat' dir='ltr'><strong>Sufficis3</strong></span> <span class='ocrx_word' id='word_1_145' title='bbox 539 3009 796 3104; x_wconf 78' lang='lat' dir='ltr'><strong>astriferumque</strong></span> <span class='ocrx_word' id='word_1_146' title='bbox 811 3011 928 3082; x_wconf 87' lang='lat' dir='ltr'><strong>domos</strong></span> <span class='ocrx_word' id='word_1_147' title='bbox 944 3009 1081 3082; x_wconf 83' lang='lat' dir='ltr'><strong>Atlanta</strong></span> <span class='ocrx_word' id='word_1_148' title='bbox 1097 3035 1258 3104; x_wconf 87' lang='lat' dir='ltr'><strong>supernas</strong></span> 
     </span>
    </p>

    <p class='ocr_par' dir='ltr' id='par_1_11' title="bbox 379 3129 1187 3226">
     <span class='ocr_line' id='line_1_23' title="bbox 379 3129 1187 3226; baseline 0 -28"><span class='ocrx_word' id='word_1_149' title='bbox 379 3133 481 3198; x_wconf 85' lang='lat' dir='ltr'><strong>Ferre</strong></span> <span class='ocrx_word' id='word_1_150' title='bbox 498 3129 726 3215; x_wconf 80' lang='lat' dir='ltr'><strong>laborantem,</strong></span> <span class='ocrx_word' id='word_1_151' title='bbox 745 3129 839 3199; x_wconf 92' lang='lat' dir='ltr'><strong>nullo</strong></span> <span class='ocrx_word' id='word_1_152' title='bbox 856 3131 949 3201; x_wconf 85' lang='lat' dir='ltr'><strong>vehis</strong></span> <span class='ocrx_word' id='word_1_153' title='bbox 966 3134 1038 3226; x_wconf 88' lang='lat' dir='ltr'><strong>ipsa</strong></span> <span class='ocrx_word' id='word_1_154' title='bbox 1054 3131 1187 3218; x_wconf 90' lang='lat' dir='ltr'><strong>labore,</strong></span> 
     </span>
    </p>

    <p class='ocr_par' dir='ltr' id='par_1_12' title="bbox 352 3247 1385 3582">
     <span class='ocr_line' id='line_1_24' title="bbox 352 3247 1308 3347; baseline -0.003 -27"><span class='ocrx_word' id='word_1_155' title='bbox 352 3259 359 3268; x_wconf 92' lang='lat'>&#39;</span> <span class='ocrx_word' id='word_1_156' title='bbox 382 3251 450 3320; x_wconf 89' lang='lat' dir='ltr'><strong>Nos</strong></span> <span class='ocrx_word' id='word_1_157' title='bbox 469 3264 601 3320; x_wconf 87' lang='lat' dir='ltr'><strong>tantum</strong></span> <span class='ocrx_word' id='word_1_158' title='bbox 619 3265 754 3344; x_wconf 88' lang='lat' dir='ltr'><strong>portare</strong></span> <span class='ocrx_word' id='word_1_159' title='bbox 774 3251 897 3347; x_wconf 81' lang='lat' dir='ltr'><strong>negas?</strong></span> <span class='ocrx_word' id='word_1_160' title='bbox 916 3278 995 3338; x_wconf 86' lang='lat' dir='ltr'><strong>nos,</strong></span> <span class='ocrx_word' id='word_1_161' title='bbox 1013 3253 1117 3340; x_wconf 88' lang='lat' dir='ltr'><strong>Diva,</strong></span> <span class='ocrx_word' id='word_1_162' title='bbox 1135 3247 1308 3345; x_wconf 84' lang='lat' dir='ltr'><strong>gravaris?</strong></span> 
     </span>
     <span class='ocr_line' id='line_1_25' title="bbox 380 3369 1385 3467; baseline 0 -27"><span class='ocrx_word' id='word_1_163' title='bbox 380 3371 500 3460; x_wconf 89' lang='lat' dir='ltr'><strong>Quod,</strong></span> <span class='ocrx_word' id='word_1_164' title='bbox 522 3396 658 3466; x_wconf 89' lang='lat' dir='ltr'><strong>precor,</strong></span> <span class='ocrx_word' id='word_1_165' title='bbox 680 3373 789 3467; x_wconf 85' lang='lat' dir='ltr'><strong>ignari</strong></span> <span class='ocrx_word' id='word_1_166' title='bbox 810 3371 933 3444; x_wconf 86' lang='lat' dir='ltr'><strong>luimus</strong></span> <span class='ocrx_word' id='word_1_167' title='bbox 954 3371 1086 3443; x_wconf 79' lang='lat' dir='ltr'><strong>scelus?</strong></span> <span class='ocrx_word' id='word_1_168' title='bbox 1107 3397 1149 3444; x_wconf 90' lang='lat' dir='ltr'><strong>au</strong></span> <span class='ocrx_word' id='word_1_169' title='bbox 1169 3373 1249 3467; x_wconf 90' lang='lat' dir='ltr'><strong>quia</strong></span> <span class='ocrx_word' id='word_1_170' title='bbox 1270 3369 1385 3467; x_wconf 85' lang='lat' dir='ltr'><strong>plebes</strong></span> 
     </span>
     <span class='ocr_line' id='line_1_26' title="bbox 380 3491 1189 3582; baseline 0.002 -20"><span class='ocrx_word' id='word_1_171' title='bbox 380 3495 529 3562; x_wconf 86' lang='lat' dir='ltr'><strong>Externa</strong></span> <span class='ocrx_word' id='word_1_172' title='bbox 548 3491 696 3560; x_wconf 91' lang='lat' dir='ltr'><strong>Inachiis</strong></span> <span class='ocrx_word' id='word_1_173' title='bbox 715 3493 782 3561; x_wconf 90' lang='lat' dir='ltr'><strong>huc</strong></span> <span class='ocrx_word' id='word_1_174' title='bbox 802 3492 1020 3582; x_wconf 78' lang='lat' dir='ltr'><strong>adventamus</strong></span> <span class='ocrx_word' id='word_1_175' title='bbox 1036 3493 1079 3564; x_wconf 85' lang='lat' dir='ltr'><strong>ab</strong></span> <span class='ocrx_word' id='word_1_176' title='bbox 1097 3491 1189 3564; x_wconf 87' lang='lat' dir='ltr'><strong>orisl</strong></span> 
     </span>
    </p>

    <p class='ocr_par' dir='ltr' id='par_1_13' title="bbox 381 3609 1352 4184">
     <span class='ocr_line' id='line_1_27' title="bbox 381 3609 1346 3709; baseline -0.001 -28"><span class='ocrx_word' id='word_1_177' title='bbox 381 3613 493 3681; x_wconf 90' lang='lat' dir='ltr'><strong>Omne</strong></span> <span class='ocrx_word' id='word_1_178' title='bbox 511 3611 639 3680; x_wconf 86' lang='lat' dir='ltr'><strong>homini</strong></span> <span class='ocrx_word' id='word_1_179' title='bbox 658 3609 769 3680; x_wconf 86' lang='lat' dir='ltr'><strong>natale</strong></span> <span class='ocrx_word' id='word_1_180' title='bbox 788 3611 898 3701; x_wconf 85' lang='lat' dir='ltr'><strong>solum</strong></span> <span class='ocrx_word' id='word_1_181' title='bbox 917 3640 925 3681; x_wconf 92' lang='lat'><strong>:</strong></span> <span class='ocrx_word' id='word_1_182' title='bbox 944 3637 1007 3682; x_wconf 91' lang='lat' dir='ltr'><strong>nec</strong></span> <span class='ocrx_word' id='word_1_183' title='bbox 1025 3629 1078 3701; x_wconf 89' lang='lat' dir='ltr'><strong>te,</strong></span> <span class='ocrx_word' id='word_1_184' title='bbox 1095 3613 1240 3709; x_wconf 87' lang='lat' dir='ltr'><strong>optima,</strong></span> <span class='ocrx_word' id='word_1_185' title='bbox 1258 3633 1346 3681; x_wconf 83' lang='lat' dir='ltr'><strong>aaevo</strong></span> 
     </span>
     <span class='ocr_line' id='line_1_28' title="bbox 381 3729 1334 3829; baseline 0 -29"><span class='ocrx_word' id='word_1_186' title='bbox 381 3729 716 3824; x_wconf 86' lang='lat' dir='ltr'><strong>Tanquambumiles</strong></span> <span class='ocrx_word' id='word_1_187' title='bbox 731 3731 875 3828; x_wconf 91' lang='lat' dir='ltr'><strong>populos</strong></span> <span class='ocrx_word' id='word_1_188' title='bbox 893 3732 1012 3802; x_wconf 85' lang='lat' dir='ltr'><strong>deceat</strong></span> <span class='ocrx_word' id='word_1_189' title='bbox 1028 3732 1234 3829; x_wconf 76' lang='lat' dir='ltr'><strong>distinguere</strong></span> <span class='ocrx_word' id='word_1_190' title='bbox 1250 3730 1334 3818; x_wconf 83' lang='lat' dir='ltr'><strong>fine,</strong></span> 
     </span>
     <span class='ocr_line' id='line_1_29' title="bbox 382 3849 1352 3944; baseline -0.002 -24"><span class='ocrx_word' id='word_1_191' title='bbox 382 3849 541 3944; x_wconf 91' lang='lat' dir='ltr'><strong>Undique</strong></span> <span class='ocrx_word' id='word_1_192' title='bbox 558 3850 683 3944; x_wconf 90' lang='lat' dir='ltr'><strong>ubique</strong></span> <span class='ocrx_word' id='word_1_193' title='bbox 701 3865 777 3922; x_wconf 86' lang='lat' dir='ltr'><strong>tuos</strong></span> <span class='ocrx_word' id='word_1_194' title='bbox 798 3878 806 3921; x_wconf 76' lang='grc' dir='ltr'><strong>ε</strong></span> <span class='ocrx_word' id='word_1_195' title='bbox 829 3877 965 3923; x_wconf 83' lang='lat' dir='ltr'><strong>maneas</strong></span> <span class='ocrx_word' id='word_1_196' title='bbox 985 3855 1190 3940; x_wconf 88' lang='lat' dir='ltr'><strong>communis,</strong></span> <span class='ocrx_word' id='word_1_197' title='bbox 1206 3867 1242 3921; x_wconf 89' lang='lat' dir='ltr'><strong>et</strong></span> <span class='ocrx_word' id='word_1_198' title='bbox 1260 3873 1352 3920; x_wconf 87' lang='lat' dir='ltr'><strong>arma</strong></span> 
     </span>
     <span class='ocr_line' id='line_1_30' title="bbox 381 3967 1336 4069; baseline -0.001 -31"><span class='ocrx_word' id='word_1_199' title='bbox 381 3971 470 4039; x_wconf 88' lang='lat' dir='ltr'><strong>Hinc</strong></span> <span class='ocrx_word' id='word_1_200' title='bbox 486 3985 588 4064; x_wconf 88' lang='lat' dir='ltr'><strong>atque</strong></span> <span class='ocrx_word' id='word_1_201' title='bbox 606 3971 686 4040; x_wconf 94' lang='lat' dir='ltr'><strong>inde</strong></span> <span class='ocrx_word' id='word_1_202' title='bbox 702 3971 814 4042; x_wconf 76' lang='lat' dir='ltr'><strong>seras:</strong></span> <span class='ocrx_word' id='word_1_203' title='bbox 833 3971 950 4060; x_wconf 88' lang='lat' dir='ltr'><strong>liceat,</strong></span> <span class='ocrx_word' id='word_1_204' title='bbox 968 3999 1107 4069; x_wconf 84' lang='lat' dir='ltr'><strong>precor,</strong></span> <span class='ocrx_word' id='word_1_205' title='bbox 1125 3971 1245 4044; x_wconf 88' lang='lat' dir='ltr'><strong>ordine</strong></span> <span class='ocrx_word' id='word_1_206' title='bbox 1258 3967 1336 4042; x_wconf 84' lang='lat' dir='ltr'><strong>belli</strong></span> 
     </span>
     <span class='ocr_line' id='line_1_31' title="bbox 383 4089 1163 4184; baseline 0.005 -26"><span class='ocrx_word' id='word_1_207' title='bbox 383 4093 553 4184; x_wconf 85' lang='lat' dir='ltr'><strong>Pugnaces</strong></span> <span class='ocrx_word' id='word_1_208' title='bbox 571 4089 684 4160; x_wconf 85' lang='lat' dir='ltr'><strong>efflare</strong></span> <span class='ocrx_word' id='word_1_209' title='bbox 702 4093 844 4180; x_wconf 83' lang='lat' dir='ltr'><strong>animas,</strong></span> <span class='ocrx_word' id='word_1_210' title='bbox 863 4108 897 4164; x_wconf 89' lang='lat' dir='ltr'><strong>et</strong></span> <span class='ocrx_word' id='word_1_211' title='bbox 912 4092 1052 4164; x_wconf 86' lang='lat' dir='ltr'><strong>reddere</strong></span> <span class='ocrx_word' id='word_1_212' title='bbox 1068 4091 1163 4164; x_wconf 87' lang='lat' dir='ltr'><strong>coelo.</strong></span> 
     </span>
    </p>
   </div>
   <div class='ocr_carea' id='block_1_3' title="bbox 0 0 1602 5140">
    <p class='ocr_par' dir='ltr' id='par_1_14' title="bbox 0 0 1602 5140">
     <span class='ocr_line' id='line_1_32' title="bbox 0 0 1602 5140; baseline 0 0"><span class='ocrx_word' id='word_1_213' title='bbox 0 0 1602 5140; x_wconf 95' lang='lat' dir='ltr'><strong> </strong></span> 
     </span>
    </p>
   </div>
  </div>
 </body>
</html>
