3080 5136
364 463 405 519 IN
425 466 455 519 Ρ.
478 467 505 520 Ρ.
528 465 655 521 STATll
676 465 784 523 ΤΗΕΒ.
806 470 877 524 LIB.
901 469 970 525 ΧΠ.
1115 474 1170 541 343

163 579 303 654 AEgrescit
315 580 389 634 curu
405 577 442 654 (v.
464 577 544 658 194).
560 581 630 650 ΜΒ,
643 581 737 654 lips„
756 583 804 638 Pll
823 603 829 638 :
836 581 937 656 surici.
951 615 992 626 -
1004 585 1052 641 Ad
1066 605 1093 641 v.
1108 587 1173 663 195,

123 674 218 726 l¹lmus
233 684 330 739 ornat,
346 671 450 728 Markl.
466 684 614 748 comparat
633 673 750 749 Eurip,
767 676 869 752 Suppl.
885 684 958 747 7710:

245 845 321 906 Φαίης
340 843 378 908 ἂν,
400 845 421 897 ai
436 849 550 915 παρῆσθ’,
568 847 603 898 ὅτ’
618 848 707 917 ἠγάπα
724 851 824 918 liupolt.

166 1010 333 1087 Pmpites
342 1027 485 1086 gressui„
500 1009 593 1084 affert
607 1007 646 1086 (v.
662 1011 741 1088 ²0tl·
754 1016 854 1090 «Lege
869 1034 893 1071 c.
909 1033 926 1072 a
942 1026 1013 1092 optt.
1030 1014 1138 1090 effen:
1157 1033 1172 1071 a

120 1103 167 1158 via
175 1101 324 1172 nimirum,
332 1119 390 1177 qua
404 1112 504 1166 ceterae
511 1102 643 1160 mulieres
656 1103 831 1177 institerant,
842 1126 902 1164 sese
911 1109 1005 1164 aufert
1013 1107 1044 1162 in
1056 1107 1147 1164 aliam.
1159 1131 1172 1157 ι

121 1199 232 1252 Birra.
243 1195 333 1267 Quod
342 1204 477 1251 enotatur
486 1195 571 1252 etiam
585 1213 600 1251 e
615 1198 735 1274 allcgg.
748 1219 754 1253 :
769 1199 819 1258 sed
836 1199 867 1255 hi
883 1200 951 1256 fort.
966 1219 989 1256 c.
1008 1203 1072 1256 Put.
1090 1217 1097 1254 τ
1115 1219 1172 1255 au-

111 1292 180 1357 lert.

162 1383 228 1458 Ego
244 1391 272 1436 te
286 1380 399 1437 labente
416 1376 455 1458 (v.
470 1377 547 1454 209).
564 1379 748 1456 «Polynicen
761 1392 909 1438 mortuum
925 1383 1090 1458 alloquitur.
1108 1387 1172 1440 La·

118 1477 216 1543 beate,
238 1474 269 1530 id
284 1483 326 1530 est
346 1474 520 1547 putiscente‚
535 1472 564 1528 in
583 1473 683 1528 tabum
703 1474 861 1531 abeunte.»
875 1478 976 1532 Gnoso.
986 1477 1117 1552 Optime,
1140 1489 1172 1534 nt

119 1570 171 1624 nr'ac
186 1567 297 1635 labitur,
313 1567 344 1622 in
357 1584 447 1641 aquas
462 1565 535 1634 abit,
548 1575 577 1621 et
592 1564 647 1621 alia
664 1584 721 1640 pro
740 1584 801 1622 non
818 1568 939 1642 amplius
956 1568 1070 1625 durare.
1089 1571 1127 1626 Et
1143 1589 1172 1630 v.

119 1679 197 1718 212:
214 1665 331 1719 Imma
343 1660 438 1731 fimus
457 1660 603 1715 decrescit.
623 1661 774 1734 Perperam
793 1659 960 1718 Wakefield.
981 1663 1024 1718 ad
1041 1664 1150 1720 Lucoet.
1160 1704 1170 1732 ,

115 1774 173 1826 ιιι,
191 1755 263 1826 380,
278 1772 315 1810 ex
332 1753 379 1809 illa
392 1755 484 1809 Gloss.
500 1750 690 1826 explicatione
703 1751 800 1807 elicuit
814 1752 971 1809 relabente.
1173 1815 1175 1826 Ι

158 1849 292 1904 Hortaris
310 1858 421 1902 euntem
436 1843 475 1923 (v.
491 1843 570 1920 218).
590 1868 603 1894 α
614 1842 717 1900 Verbis
734 1844 955 1902 dehortantibus
973 1846 1172 1904 cohortaris.»

1021 1941 1108 1996 Lucr.

159 2030 243 2104 cresus
254 2033 321 2088 Dea
330 2028 371 2108 (u,
389 2031 446 2088 226
461 2027 526 2108 sq.).
543 2032 597 2086 ΜΒ
611 2051 640 2085 τε
653 2028 756 2101 cuijus
771 2030 861 2088 Dea...
877 2029 958 2088 dedit
966 2029 1060 2102 sem',
1075 2055 1087 2082 υ
1100 2049 1171 2106 per·

114 2141 224 2198 peram.
236 2125 313 2180 Bene
327 2132 496 2198 comparant
514 2123 577 2178 Val.
591 2123 699 2193 llaec,
718 2140 770 2193 111,
786 2121 841 2178 231
861 2141 948 2198 sqq.:

507 2284 842 2336 ....Etbarbarabnxtu

222 2372 247 2420 si
261 2379 343 2432 vocet,
358 2379 383 2420 et
397 2370 468 2421 motis
482 2369 600 2420 ululantia
615 2367 737 2436 Dindyma
750 2368 837 2429 unia,

222 2457 293 2504 Tunc
306 2453 369 2504 emis
383 2453 523 2520 placeatque
537 2451 608 2503 iuror
621 2467 628 2502 :
643 2452 716 2503 modo
731 2452 779 2503 tela
791 2451 901 2503 ncoedoa

221 2537 344 2604 Porrlgat,
359 2546 383 2588 et
395 2538 459 2604 jum
474 2535 569 2603 sanguia
581 2534 698 2587 exuberet
713 2536 778 2587 ulna

57 2687 59 2690 ¹
158 2694 214 2750 Per
222 2703 252 2748 ct
267 2694 343 2748 invia
356 2710 435 2747 saxa
449 2689 488 2767 (v.
502 2689 582 2768 232).
596 2690 718 2766 Aliquot
733 2691 819 2750 codd.
832 2712 839 2748 :
857 2693 951 2766 «petit
969 2691 1044 2761 inu,
1053 2714 1069 2744 ι
1083 2709 1100 2748 e
1112 2691 1170 2768 gl,

113 2795 147 2840 ut
160 2801 246 2840 versu
262 2780 321 2840 235
335 2785 431 2857 plicas
447 2802 568 2843 :secum
581 2785 638 2838 ruit
649 2801 706 2856 pro
723 2802 747 2839 s.
769 2785 842 2839 vadi
852 2781 926 2860 (non
940 2782 1170 2857 circumspiciens

113 2877 221 2934 vadum
243 2875 375 2934 transitui
394 2873 511 2954 aptius),
528 2884 557 2931 et
574 2875 631 2932 236
651 2875 754 2931 Fertur
772 2872 843 2952 (pro
860 2871 995 2954 Praeter),
1012 2875 1092 2950 quod
1105 2876 1168 2932 Nic.

114 2969 262 3041 Heinsius,
276 2971 349 3024 Δάν.
370 2988 411 3039 ιν,
427 2967 461 3037 3,
475 2966 678 3042 reponendum
692 2967 856 3038 contendit,
870 2969 980 3042 praehet
993 2969 1065 3044 Reg.
1083 2988 1107 3025 1.

157 3063 279 3119 Comiaes
292 3061 401 3117 solatia
409 3059 547 3133 stammoe
565 3057 603 3132 (v.
621 3056 701 3136 alr).
716 3059 816 3118 Scribe
828 3079 894 3116 cum
912 3058 1029 3116 Barthio
1040 3078 1076 3116 ex
1088 3063 1145 3117 ΜΒ
1161 3082 1169 3117 2

113 3155 274 3214 «contin.
290 3151 445 3224 flammaep
459 3151 527 3208 licet
538 3152 647 3210 solatia
662 3171 743 3228 oeque
763 3154 858 3210 solum
872 3162 999 3227 ponatur
1014 3171 1096 3209 versu
1115 3153 1169 3229 693

114 3247 201 3305 sedis
217 3246 277 3304 sine
292 3245 383 3303 dubio
396 3264 457 3302 non
471 3244 589 3320 integer.

153 3341 199 3396 Sic
212 3339 330 3395 uctoat
350 3357 418 3394 orsa
436 3337 474 3414 (v.
497 3335 575 3414 245).
602 3339 769 3415 legendum
791 3337 906 3395 videtur
923 3355 988 3406 ore,
1007 3355 1043 3394 ex
1061 3339 1116 3394 ΜΒ
1141 3348 1169 3393 et

116 3436 185 3508 Reg.
208 3450 230 3488 ι.

156 3528 271 3582 AEstuat
282 3543 336 3580 aer
347 3525 483 3582 Sordidus
495 3519 536 3600 (v.
554 3523 611 3592 248
635 3521 699 3602 aq.).
721 3519 891 3582 Wakefield.
914 3522 953 3579 ad
972 3523 1102 3592 Lucret,
1124 3541 1168 3592 rr,

114 3617 189 3688 415,
203 3617 319 3692 reponit
343 3617 479 3673 Tom'dus
496 3635 532 3672 ex
547 3619 694 3692 Propert,
711 3635 751 3687 n,
767 3635 818 3686 ar,
836 3614 863 3673 5.

158 3711 316 3767 Temoctem
331 3705 503 3766 Herculeam
517 3705 557 3785 (v.
574 3708 652 3786 301).
667 3712 737 3766 Post
750 3709 809 3764 lraee
817 3707 1007 3784 aposiopesis,
1020 3705 1169 3764 reticendo

114 3804 160 3860 vel
175 3804 361 3870 continuasti,
377 3801 423 3858 vel
436 3803 553 3869 lucini,
570 3811 604 3858 nt
623 3803 719 3860 Barth.
734 3800 792 3860 Sed
804 3799 918 3858 divisim
931 3799 1114 3858 scribendum
1128 3809 1171 3856 ter

115 3907 240 3967 noctem,
257 3907 290 3952 ut
304 3896 477 3952 vetustiores
489 3895 555 3954 edd.
566 3925 605 3938 -·-
619 3896 668 3969 Sq.
685 3916 711 3952 v.
728 3913 827 3954 verum
842 3894 956 3952 videtur
971 3892 1054 3968 qnod
1071 3892 1167 3950 Barth.

115 4001 143 4044 et
159 3992 249 4046 Gron.
268 3987 469 4061 restimerunt,
482 3987 607 4048 tcultrix
622 3990 820 4065 placitissima
836 3987 937 4046 nostri.
953 4011 969 4040 a
990 3988 1024 4044 ln
1043 3987 1099 4042 ΜΒ
1120 3983 1169 4040 all·

115 4081 187 4156 quid
205 4081 247 4138 ibi
264 4099 384 4140 erasum.
628 4073 635 4094 ¹
773 4077 777 4088 ’
