3172 5142
741 461 955 523 summos
975 469 1087 526 LIBER
1109 471 1155 526 tx
1372 475 1479 536 (mul

438 577 589 671 Cespite,
608 581 753 680 populeo
770 587 980 659 commendat
1001 592 1128 685 spicula
1148 607 1278 664 trunco.

436 698 531 766 Tunc
548 723 626 768 vero
647 704 815 774 exanimes
836 705 972 776 tradunt
989 713 1197 805 rapientibus
1216 712 1304 784 ultro

435 819 539 886 Arme
560 818 653 888 vadis
671 847 679 888 ι
695 820 751 891 alii
768 823 903 896 dimissa
918 831 1060 920 casside,
1078 849 1241 928 quantum

434 938 585 1008 Tendere
603 957 743 1014 conatus
764 948 882 1018 animis
900 949 1037 1022 valuere
1054 956 1116 1024 sub
1135 955 1253 1047 undis,

432 1061 545 1154 Turpe
564 1058 691 1133 latent:
707 1064 804 1135 multi
823 1066 961 1140 fluvium
980 1077 1205 1146 transmittas
1224 1079 1337 1146 nando

432 1182 614 1274 Aggressi3
635 1183 694 1252 sed
712 1185 822 1256 vincla
838 1201 966 1279 tenent,
986 1191 1148 1288 laterique
1168 1213 1335 1296 repugnat

431 1297 584 1391 Balteus,
602 1317 638 1372 et
654 1304 807 1376 medidus
825 1307 961 1380 deducit
978 1328 1113 1407 pectore
1130 1316 1258 1388 tlsorax.

480 1421 602 1510 Qualis
618 1423 769 1496 emnileis
787 1428 917 1499 tumido
934 1433 996 1502 sub
1014 1436 1146 1532 gurgite
1166 1453 1273 1508 terror

431 1541 601 1631 Piscibus,
619 1546 734 1614 arcani
752 1548 882 1640 quoties
900 1549 1027 1622 devexa
1041 1555 1200 1650 prolimdi

285 1695 287 1708 ·
430 1663 645 1732 Scrutantem
661 1663 821 1760 delphina
838 1667 975 1740 vident:
992 1671 1082 1769 fugit
1096 1678 1205 1747 omnis
1224 1678 1362 1748 inimus

428 1781 545 1850 Turba
559 1780 670 1872 lacus,
688 1785 877 1883 viridesque
893 1806 986 1860 metu
1003 1795 1170 1888 stipantur
1191 1799 1226 1868 in
1244 1797 1352 1894 algns3

429 1901 500 1970 Nec
520 1903 613 1997 prius
630 1907 768 1993 emersi,
788 1931 889 2000 quam
909 1933 1039 1980 summa
1061 1938 1121 2007 per
1139 1939 1272 2010 aequora
1291 1916 1397 1988 flexus

430 2023 575 2110 Emioet,
594 2037 628 2092 et
646 2025 726 2094 visis
745 2025 840 2095 malit
856 2043 987 2098 certare
1005 2033 1138 2102 carinis.

475 2139 567 2210 Talis
583 2143 653 2238 agit
666 2167 815 2237 sparsos,
832 2147 1017 2242 mediisque
1034 2151 1069 2220 in
1089 2151 1246 2224 fluctibus
1264 2155 1364 2225 beros

427 2263 535 2331 Frena
555 2287 657 2332 manu
671 2265 806 2358 pariter,
823 2268 949 2362 pariter
962 2270 1049 2364 regit
1064 2277 1174 2361 arma,
1190 2273 1381 2371 pedumque

426 2383 580 2477 Remigio
598 2397 762 2455 sustentat
778 2409 922 2480 equum;
938 2405 1166 2484 consuetaque
1185 2418 1305 2489 campo

425 2499 601 2589 Fluctuat,
619 2517 654 2573 et
671 2529 796 2576 mersas
815 2504 896 2578 levis
914 2506 1044 2604 ungula
1060 2514 1180 2604 quaerit
1196 2537 1326 2586 arenas.

426 2622 1470 2725 SternitlonaCbromie,CltromioAntiphos,dntipboullypseus‚

425 2744 579 2836 Hypseus
599 2747 783 2840 Astyagen,
802 2771 1046 2842 evasurumque
1063 2749 1182 2822 relicto

426 2865 533 2932 Amne
549 2865 690 2951 Linum,
709 2867 743 2934 ni
762 2865 830 2935 sata
848 2882 979 2953 vetent,
997 2883 1031 2938 et
1050 2873 1192 2940 stamine
1206 2871 1316 2966 primo

425 2981 583 3053 Ablatum
602 2979 722 3054 tellure
737 2988 822 3055 mori
841 3012 848 3054 :
870 2989 993 3082 premit
1009 2990 1146 3084 agmina
1160 2990 1291 3060 Thebes

425 3103 679 3198 Hippomedon,
700 3106 815 3176 turbat
834 3109 969 3178 Danaos
988 3111 1130 3204 Asopius
1151 3114 1326 3205 Hypseus:

424 3227 539 3293 Amnis
558 3225 739 3320 utrumque
757 3227 874 3296 tiuaet:
893 3253 1006 3298 crasso
1026 3228 1112 3298 vada
1128 3243 1236 3298 mutat
1254 3245 1399 3324 uterque

426 3345 615 3440 Sanguine,
634 3361 668 3416 et
683 3370 703 3415 a
721 3344 825 3416 fluvio
841 3350 952 3417 neutri
971 3347 1071 3418 fatale
1089 3351 1222 3418 reverti.

473 3467 547 3540 Jam
566 3462 667 3534 laceri
685 3468 802 3560 pronis
822 3465 1006 3537 volvuntur
1024 3468 1177 3538 cursibus
1195 3483 1310 3557 artus,

425 3586 581 3678 Oraque,
600 3598 633 3653 et
651 3585 786 3656 abscisae
806 3587 948 3657 redeunt
967 3590 1002 3658 in
1018 3603 1153 3683 pectora
1171 3587 1306 3658 dextrae.

425 3701 562 3800 Spicula
578 3708 647 3794 jam
665 3702 866 3801 clypeosque
881 3704 970 3778 leves
986 3733 1151 3802 arcusque
1165 3709 1318 3780 remissos

425 3824 527 3895 Unda
543 3825 651 3908 vehit,
669 3824 848 3922 galeasque
866 3842 982 3898 vetant
1000 3827 1201 3898 descendere
1217 3832 1334 3901 crista.

424 3949 562 4015 Summa
580 3949 673 4041 vagis
693 3946 758 4016 late
775 3963 973 4020 sternuntur
993 3948 1132 4022 flamna
1152 3947 1242 4032 telis,

424 4069 495 4133 lme
518 4067 595 4134 viris
612 4087 620 4130 :
647 4067 714 4141 illic
731 4066 900 4140 luctantur
914 4095 1057 4167 corpora
1070 4067 1156 4150 leto,
