3094 5140
121 487 153 545 (a.
170 482 236 546 17⁵.)
424 478 638 534 rnaaamos
660 477 770 534 arnan
791 477 859 533 xu.
1089 475 1169 564 ⁶237

8 607 21 658 ·.‘.
120 611 178 677 His
199 605 305 702 placet
323 609 442 676 Actae
462 608 489 674 si
508 603 590 698 quid
609 602 787 674 clementia
800 603 917 697 gentis

8 757 20 782 ‘-
117 734 256 816 Annuat
276 741 489 796 :extremum
511 748 686 807 curarum,
702 747 741 792 ac
760 739 860 816 turpe
876 725 1006 792 reverti.

168 851 212 918 At
228 872 296 916 non
317 846 467 916 seminem
483 845 632 914 subitum
650 845 785 920 virtutis
802 844 966 913 honorem

13 993 20 1005 ·
94 965 97 971 ’
121 967 397 1064 Colligit-Argia,
417 989 563 1059 sexuque
578 962 858 1046 immanerelieto

6 1113 18 1154 2
120 1093 256 1158 Tractat
274 1113 360 1181 opus
380 1112 388 1154 ε
408 1084 520 1180 placet
534 1085 659 1181 egregii
677 1109 750 1179 spes
770 1084 857 1155 dura
877 1083 992 1180 pericli

6 1239 7 1244 ¹
122 1211 283 1279 Cominus
298 1205 429 1288 ¹infandi
450 1205 540 1301 leges
560 1205 719 1276 accedere
737 1207 832 1302 regni
853 1233 861 1274 :

122 1333 201 1420 Quo
219 1327 405 1422 Rhodopes,
419 1352 487 1396 non
505 1324 574 1397 ulla
591 1323 716 1414 nurus,
727 1351 798 1407 ‚uec
816 1325 952 1406 alumna
968 1329 1075 1398 nivosi
1160 1399 1166 1412 ,

13 1510 18 1524 .
121 1448 289 1536 Phasidis,
308 1449 461 1542 innuptis
479 1446 601 1516 vallata
617 1444 829 1534 cohortibus,
849 1449 920 1532 irat.

122 1573 217 1638 Tunc
238 1584 348 1639 movet
364 1583 436 1650 arte
455 1566 590 1654 dolum,'
611 1591 678 1661 quo
698 1582 801 1637 semet
817 1568 859 1638 ah
874 1567 1100 1663 ‚agmine-fido

124 1693 299 1785 segreget,
322 1690 532 1782 immitesque
552 1692 658 1776 Deos,
680 1711 858 1782 regemque
877 1705 1057 1774 ¹cruentum

125 1811 342 1898 Contemtrix,
354 1811 492 1897 animae,
511 1823 545 1878 et
562 1833 686 1904 magno
705 1810 883 1892 temeraria
899 1808 992 1880 luctu

124 1934 290 1999 Provocat
311 1956 318 1998 :
341 1931 520 2000 hortantur
537 1931 657 2025 pietas,
677 1930 838 2024 ignesque
859 1929 984 2024 pudici.

124 2055 199 2146 lpse
220 2053 318 2122 etiam
337 2065 415 2124 ante
430 2049 546 2120 oeulos
563 2051 656 2120 omni
672 2049 868 2120 manifestus
889 2051 923 2119 in
943 2065 1018 2120 actu

124 2175 224 2241 Nunc
242 2173 363 2266 hospes
383 2173 525 2260 miserae,
543 2173 667 2267 primas
687 2196 777 2241 nunc
794 2195 936 2266 sponsus
953 2171 997 2241 ad
1017 2197 1112 2260 aras,

124 2296 225 2363 Nunc
245 2295 335 2362 mitis
355 2294 493 2387 conjux,
512 2318 604 2362 nuno
616 2293 687 2385 jam
707 2293 769 2361 sub
787 2291 912 2372 casside
928 2307 1023 2361 torva

3 2469 5 2506 J
125 2417 265 2483 Moestus
283 2417 317 2484 in
336 2413 509 2508 amplexu,
526 2412 739 2508 multumque
757 2438 777 2482 a
793 2410 907 2482 limine
924 2438 1056 2506 summo

125 2536 316 2630 Respiciens
335 2563 343 2604 ε
364 2533 421 2604 sed
440 2533 532 2604 nulla
545 2535 659 2616 animo
680 2535 877 2604 observatur
891 2535 1003 2630 imago

125 2656 295 2750 Ombrion,
313 2658 413 2726 Aonii
431 2681 532 2752 quam
550 2681 625 2750 quae
643 2656 685 2725 de
703 2656 867 2751 sanguine
887 2658 996 2750 campi

124 2773 353 2864 undarent,
373 2777 544 2871 poscitque
563 2801 663 2872 rogos
684 2803 692 2844 :
713 2775 765 2845 his
784 2778 883 2846 anxia
904 2791 1052 2846 mentem

125 2897 288 2990 AEgtescit
308 2899 416 2981 curis,
435 2911 483 2986 et,
504 2898 562 2991 qui
579 2898 780 2968 castissimus
796 2896 907 2985 ardor,

124 3019 240 3086 Funus
259 3033 350 3108 amat
370 3043 378 3086 τ
400 3031 478 3088 tunc
499 3017 696 3110 ad'comites
717 3041 875 3108 conversa
894 3017 1075 3113 Pelasgas:

174 3166 191 3199 a
203 3139 291 3224 Vos,
312 3140 373 3224 ait,
389 3142 514 3208 Actaeas
533 3141 638 3224 acies,
658 3139 938 3233 Marathoniaque
953 3163 1045 3208 arma

125 3255 264 3344 Eiicite,
284 3257 496 3354 adspiretque
516 3261 573 3353 pio
593 3260 728 3331 fortuna
747 3258 863 3329 labori.

123 3379 184 3445 Me
204 3379 302 3447 sinite
319 3381 603 3476 Ogygias‚tantae
621 3405 694 3474 quae
709 3379 781 3450 sola
799 3381 905 3452 ruinae
965 3445 966 3450 ,
1064 3407 1072 3416 ·

123 3500 234 3566 Causa
252 3498 319 3583 fui,
339 3516 515 3594 penetrare
531 3501 668 3590 domos,
687 3516 721 3570 et
736 3499 877 3572 fulmina
892 3504 987 3598 regui

121 3617 236 3687 Prima
254 3621 350 3714 pati:
373 3646 434 3690 nec
455 3622 557 3691 surda
576 3622 653 3691 ferae
673 3620 879 3716 pulsabimus
899 3624 991 3692 urbis

121 3739 255 3807 Limina
277 3755 381 3809 :sunt
402 3740 469 3810 illio
485 3745 591 3811 soceri
611 3741 712 3832 mihi,
733 3758 879 3838 suntque
898 3769 1029 3814 sorores

121 3859 307 3954 Conjugis‚
326 3876 360 3930 et
377 3863 509 3931 Thebas
526 3861 616 3932 haud
634 3863 821 3960 ignoranda
839 3865 969 3934 subibo.

120 3977 175 4044 Ne
196 3991 327 4050 tautum
347 3998 503 4058 reuocate
522 3983 645 4077 gradus
664 4011 673 4053 :
690 3982 748 4054 illo
766 3987 911 4080 impetus
932 3987 1066 4080 ingens,

119 4100 378 4195 Auguriumque
398 4103 546 4172 animi.»
565 4103 746 4200 Necxpiura
760 4131 768 4173 :
782 4130 954 4199 unumque
974 4109 1160 4194 Menoeten,
