3200 5142
391 501 448 554 ²7⁰
763 482 1061 540 snuormouus

432 598 533 654 Vultus
549 597 697 673 laurusque
709 599 836 674 relinque
851 595 891 675 (v.
905 595 965 675 97).
982 599 1157 672 «Speculum
1170 615 1290 672 quoqne
1303 616 1360 654 una
1372 615 1430 653 cun

391 688 479 746 comis
493 688 592 746 demus
613 710 623 744 :
644 707 697 746 nec
717 690 808 746 ullum
830 708 933 746 munus
953 691 1061 766 gratius
1079 690 1133 746 erit
1151 690 1334 764 AEsunlapio,
1352 689 1432 744 imm

390 782 499 856 gratius
516 783 570 837 erit
588 800 674 838 aurea
692 782 818 857 pyxide,
835 783 925 838 modo
938 793 970 838 tu
984 781 1015 837 in
1027 782 1079 838 illo
1095 781 1165 859 ligas
1179 782 1283 852 aciem,
1299 793 1329 838 et
1348 783 1432 838 relin-

391 894 463 951 quas
478 875 536 932 illic
555 875 585 931 in
598 886 773 950 perpetuum
785 875 838 931 hos
852 885 910 932 tam
923 877 1077 950 praeclaros
1093 877 1199 932 vultus.
1210 899 1223 926 ι
1240 877 1362 930 Maean.

432 969 538 1024 Iliacos
552 961 716 1044 (Tithoni),
729 967 882 1042 Pyliosque
900 967 969 1022 sr'uu
984 965 1023 1042 (v.
1038 963 1113 1044 rol).
1130 968 1197 1024 nac
1211 984 1248 1022 ex
1261 985 1290 1037 ι,
1306 974 1339 1037 t,
1362 964 1432 1023 125:

611 1219 614 1226 ῃ
622 1189 715 1205 .....
728 1156 765 1202 'lu
779 1153 864 1203 Troica
878 1152 963 1218 diguus

497 1237 599 1298 Suculu
614 1247 640 1288 et
649 1235 750 1288 Euboici
764 1237 933 1289 transcendere
944 1237 1050 1302 pulveris
1063 1251 1151 1297 anuos,

497 1322 671 1388 Nestoreosque
684 1321 754 1381 siuas,

391 1499 507 1558 retinxit
523 1501 626 1557 Markl.
640 1503 714 1556 Ante
728 1517 794 1556 eum
807 1501 908 1566 sirrwl,
929 1497 1011 1572 quod
1027 1497 1144 1554 delendi
1163 1508 1240 1554 certe
1254 1510 1381 1574 poterat.

433 1596 527 1652 (Ιιιιιι.
541 1595 576 1649 V.
592 1593 823 1667 Thalamisque...
836 1588 1023 1668 negasses(v.
1041 1588 1097 1668 ro).
1114 1592 1242 1648 Verbum
1259 1611 1436 1667 negarem

392 1687 506 1756 dativo,
523 1697 668 1759 utsupra
682 1705 711 1755 1,
731 1683 1439 1760 sal:ssaxanegant1aferroirchaur.et

392 1777 548 1853 prasertim
562 1780 656 1833 Gaou.
664 1795 715 1852 ‚p.
731 1777 789 1852 298
808 1796 870 1851 sqq

433 1871 568 1946 Rapidi...
580 1871 688 1944 praelio
707 1871 783 1926 Caici
797 1867 835 1947 (v.
855 1866 913 1945 15)
930 1871 1005 1924 Bene
1020 1867 1188 1925 Wakefield.
1206 1869 1243 1925 ad
1257 1871 1393 1940 Lueret,
1407 1891 1441 1942 v,

395 1967 466 2039 890,
487 1963 587 2019 meur.
603 1967 697 2035 Quem
716 1963 792 2020 vide.
821 1993 823 1998 ·

439 2058 495 2112 Ter
504 2073 550 2110 me
562 2056 660 2112 uitiatis
678 2053 717 2132 (v.
736 2051 800 2132 28).
810 2056 867 2110 Ter
880 2054 987 2111 vicerat
1004 2054 1035 2109 in
1049 2053 1202 2110 ocrmmiue
1221 2055 1336 2125 albano,
1353 2057 1443 2114 vietus

395 2160 436 2209 est
454 2149 485 2204 in
498 2148 651 2205 certamine
662 2146 827 2222 capitolino.

432 2256 550 2332 AEgialc
564 2252 602 2332 (v.
624 2251 687 2332 48).
706 2253 855 2311 Diomedis
867 2254 927 2310 hac
939 2273 1027 2325 uxor,
1045 2254 1209 2310 Philocteta
1228 2256 1378 2312 Meliboea.
1392 2259 1444 2314 Se-

395 2349 514 2424 quentia
527 2349 551 2406 si
563 2349 603 2404 ita
617 2348 722 2422 scripta
735 2347 854 2402 luerunt
868 2365 885 2402 a
898 2345 1006 2414 Statio,
1020 2347 1102 2402 aliter
1118 2345 1240 2422 intelligi
1251 2365 1313 2403 non
1325 2361 1444 2422 pomum

394 2459 482 2516 qaum
498 2441 556 2497 hoc
574 2439 664 2496 modo
688 2441 747 2496 :Et
761 2441 974 2514 quamcumque
988 2439 1088 2508 eliam,
1104 2439 1152 2496 cui
1170 2439 1289 2514 quidem
1311 2452 1444 2518 negatam

394 2544 454 2590 erat
471 2533 553 2608 sequi
568 2533 719 2603 maritum,
735 2532 801 2589 sevi
814 2533 946 2606 planctus
958 2531 989 2588 in
1003 2531 1131 2588 fluorem
1148 2531 1299 2590 dedenrnt.
1315 2534 1393 2606 Sed,
1409 2555 1446 2590 ue

394 2626 459 2699 plus
472 2624 580 2694 dicum
598 2623 682 2683 nimis
696 2621 774 2680 fluxa
787 2625 846 2680 hac
867 2633 896 2680 et
916 2623 977 2680 sine
993 2625 1099 2680 colore.
1114 2623 1281 2680 Gronovius
1294 2625 1447 2682 lectionem

395 2717 518 2790 explicat
534 2716 618 2790 quasi
638 2716 794 2791 integram,
812 2717 940 2772 sedeam
953 2716 984 2772 in
1001 2715 1045 2774 his
1064 2715 1233 2772 sententiam
1247 2716 1374 2788 invenit,
1390 2737 1446 2793 qna

394 2809 502 2867 nescias
514 2812 600 2883 plane
615 2809 687 2883 quid
700 2827 767 2884 agas
788 2831 794 2864 :
819 2829 885 2868 nam
900 2811 937 2870 eb
951 2810 1132 2885 reliquorum
1145 2809 1218 2866 serie
1237 2811 1325 2882 plane
1345 2813 1446 2869 exclu-

395 2901 482 2958 ditur.
497 2904 542 2959 De
554 2902 699 2960 Weberi
691 2902 929 2978 interpretatione
942 2901 1025 2960 laeile
1039 2913 1082 2959 est
1094 2901 1258 2975 juditium:
1274 2905 1447 2962 «Sententia

395 3004 468 3051 est.
485 2997 523 3052 lit
538 2996 672 3070 plauctus
691 3013 859 3072 quanquam
872 2993 1019 3072 (mammo)
1036 2995 1102 3050 sari
1119 2995 1250 3052 lecerunt
1263 2993 1407 3072 (AEgialen
1420 3007 1448 3052 et

394 3083 570 3163 Melibeeam)
585 3086 753 3144 Maenadas.»
776 3087 963 3146 Marklandus
982 3087 1079 3144 locum
1091 3088 1291 3162 pronunciat«
1278 3089 1399 3146 u'adco
1390 3109 1447 3146 rm-

394 3179 516 3236 maniter
535 3179 736 3254 depravatum,
750 3189 784 3236 ut
798 3178 859 3236 sine
878 3179 987 3248 codicis
1000 3179 1119 3254 alicujus
1131 3182 1177 3237 vel
1191 3181 1326 3240 saumas
1343 3181 1446 3238 lectio-

394 3271 439 3327 nis
457 3270 630 3328 adminiculo
649 3271 824 3346 impossibile
837 3273 873 3330 sit
887 3291 953 3330 eum
969 3272 1000 3330 in
1014 3273 1163 3332 sanitatem
1177 3291 1309 3330 asserere.
1326 3298 1339 3325 n
1352 3275 1446 3354 Equi-

396 3363 462 3420 dem
480 3362 581 3420 vitium
599 3384 660 3421 uon
680 3375 738 3423 tarn
759 3367 814 3424 alte
830 3365 918 3440 egisse
932 3365 1043 3424 radices
1057 3364 1203 3438 existimo,
1217 3365 1268 3424 scd
1286 3377 1366 3424 certo
1379 3365 1447 3422 mni

396 3457 500 3516 certius
519 3475 689 3532 persuasum
706 3469 770 3529 est,¹
781 3457 810 3513 in
830 3478 997 3534 quanquam
1018 3461 1106 3516 lutere
1124 3477 1232 3516 nomeu
1247 3459 1370 3534 aliquod
1390 3460 1448 3516 lle-

396 3548 512 3621 roidos,
533 3550 652 3607 fortasse
669 3552 773 3624 Latias,
788 3553 886 3626 quales
906 3570 992 3626 supra
1011 3552 1101 3608 verbo
1119 3550 1273 3621 indicavit,
1286 3553 1447 3608 Graecarom

396 3643 592 3714 solummodo,
606 3643 649 3698 uti
671 3642 790 3717 quidem
810 3643 897 3700 hodie
918 3643 1038 3718 legitur,
1055 3643 1231 3700 mentionem
1252 3641 1445 3714 subjecturus.

397 3735 465 3807 Ejus
479 3735 601 3796 nominis
623 3735 788 3794 inveniendi
809 3754 907 3792 curum
921 3735 955 3792 iis
975 3736 1142 3806 committo,
1160 3735 1268 3810 quibus
1287 3735 1399 3791 felicius
1417 3735 1446 3789 in

397 3826 488 3883 Statio
510 3827 707 3884 commorandi
730 3827 821 3884 otium
837 3839 888 3884 est.
907 3827 1041 3903 Cogitavi
1056 3827 1093 3883 de
1112 3826 1267 3884 Laodamia
1284 3827 1446 3895 Protesilai,

398 3935 462 3992 quac
475 3937 505 3974 se
525 3919 687 3974 AEmour‘crm
705 3919 776 3976 dicit
790 3920 868 3994 apud
885 3919 1023 3976 Ovidium
1035 3919 1067 3976 iu
1088 3920 1235 3995 Epistolis.
1250 3919 1447 3976 AEMONIAM

398 4031 457 4067 non
479 4010 562 4068 nimis
582 4013 668 4087 longe
681 4012 762 4068 abest
780 4013 1025 4070 aETCAMceM
1038 4011 1079 4089 (in
1101 4011 1304 4086 antiquissimis
1326 4011 1405 4066 euim
1424 4013 1449 4065 Δ

399 4104 456 4160 lere
469 4103 652 4183 rotundum),
672 4125 687 4162 e
702 4123 762 4180 quo
776 4115 904 4160 monstro
919 4105 1019 4161 elicere
1032 4115 1166 4179 poteraut
1185 4118 1214 4160 et
1230 4122 1404 4180 quanquam.
