3094 5140
83 434 206 500 (V·⁵⁶⁵·l
396 435 615 493 triremos
637 435 748 492 LIBER
771 435 825 490 IX.
1088 423 1143 489 161¹

83 565 164 632 Hoc
181 561 272 632 ultor
291 563 468 656 Capaneus
485 564 594 657 operit
610 577 668 632 tua
688 561 836 631 membra
854 561 1050 654 sepulcro.»

140 685 194 755 Sic
213 707 337 778 anceps
355 681 442 752 dura
461 682 541 752 belli
560 685 631 753 vice
650 697 769 752 mutua
788 683 900 752 Graiis

84 805 302 900 Sidoniisque
324 803 423 874 simul
442 804 597 876 nectebat
616 802 756 874 vulnera
774 805 922 873 Mavors.

83 929 153 996 Hic
176 925 267 996 ferus
284 923 537 1022 Hippomedon,
562 924 630 995 illic
649 949 718 994 non
738 925 873 1019 segnior
893 929 1046 1020 Hypseus

86 1046 215 1136 Fletur,
233 1065 268 1117 et
284 1046 404 1117 alterni
424 1048 575 1148 prebent
591 1047 710 1118 solatia
727 1047 848 1119 luctus.

139 1170 308 1240 Tristibus
328 1171 457 1238 interea
475 1169 631 1238 somnum
652 1169 786 1240 turbata
804 1169 921 1264 figuris

86 1294 202 1360 Torva
223 1290 400 1386 sagittiferi
422 1304 530 1359 mater
545 1293 861 1388 Tegeatisepbebi,

87 1414 195 1484 Crine
209 1387 294 1480 ‘dato
309 1412 451 1505 passim,
472 1409 662 1505 plantisque
679 1437 720 1480 ex
737 1437 831 1480 more
849 1412 983 1501 solutis,

88 1539 183 1604 Ante
202 1534 292 1603 diem
311 1531 438 1628 gelidas
459 1532 530 1601 ibat
547 1531 695 1602 Ladonis
715 1533 758 1601 ad
775 1533 881 1604 undas

86 1659 281 1750 Purgatura
305 1652 430 1723 malum
450 1654 553 1722 fluvio
574 1655 709 1722 vivente
729 1679 895 1749 soporem.

32 1765 33 1773 ἵ
88 1780 250 1870 Namque
268 1800 330 1869 per
348 1776 508 1844 attonitas
527 1799 687 1844 curarum
704 1776 855 1870 pondere
873 1792 990 1850 noctes

89 1903 188 1993 Saepe
207 1911 240 1966 et
256 1894 410 1996 delapsas
431 1894 560 1990 adytis,
583 1921 667 1988 quas
684 1897 758 1990 ipsa
775 1897 904 1966 dicarat

90 2021 262 2102 Exuvias,
280 2042 381 2112 seque
396 2018 520 2112 ignotis
537 2041 650 2086 errare
667 2016 828 2113 sepulcris

90 2144 272 2211 Exterrem
291 2139 460 2226 nemoris,
478 2136 723 2232 Dryadumque
740 2163 760 2206 a
778 2136 874 2232 plebe
890 2139 1057 2234 fugatam,

92 2266 191 2358 Saepe
207 2285 312 2330 novos
333 2261 403 2329 nati
421 2257 510 2328 bello
528 2257 666 2328 rediisse
686 2259 893 2355 triumphos,

92 2363 337 2476 Armaqumet
353 2378 518 2475 alipedem
539 2393 674 2466 notum,
693 2381 898 2474 comitesque
917 2380 1071 2471 videbat,

96 2507 275 2598 Nusquam
293 2504 427 2597 ipsum:
448 2522 538 2569 nunc
555 2525 597 2569 ex
610 2501 758 2571 humeris
776 2500 912 2572 fluxisse
931 2503 1133 2597 pharetras,

93 2623 304 2720 Effigiesque
325 2646 419 2708 suas,
437 2620 682 2716 simulacraque
699 2638 780 2692 nota
797 2626 952 2693 cremari.

93 2746 288 2839 Praecipuus
309 2742 367 2814 sed
388 2744 478 2812 enim
499 2740 554 2810 illa
575 2758 682 2812 metus
701 2745 902 2838 portendere
916 2748 987 2814 visa

95 2869 175 2935 Nox
195 2868 340 2952 miserae,
361 2878 498 2958 totoque
519 2865 624 2932 erexit
641 2879 776 2958 pectore
793 2880 946 2935 matrem.

100 3043 106 3052 .
147 2988 238 3057 Nota
259 3009 320 3080 per
337 2983 498 3055 Arcadias
520 2982 608 3052 felici
628 2984 749 3053 robore
770 2983 869 3055 silvas

95 3111 253 3198 Quercus
272 3121 359 3191 erat,
377 3106 500 3174 Triviae
520 3129 621 3198 quam
640 3104 870 3176 desacraverat
888 3110 960 3203 ipsa

97 3229 252 3300 Electam
272 3227 370 3296 turba
390 3251 584 3312 nemorum,
605 3250 796 3319 numenque
817 3222 959 3296 colendo

97 3355 265 3424 Fecerat:
285 3347 342 3416 hic
363 3371 479 3430 arcus,
500 3360 533 3414 et
553 3344 638 3415 fessa
655 3371 819 3440 reponere
841 3345 925 3436 tela,

98 3477 270 3562 Armaque
289 3491 393 3537 curva
409 3492 527 3554 suum,
549 3481 583 3535 et
604 3492 788 3536 vacuorum
810 3483 903 3564 terga
922 3466 1058 3538 leonum
1154 3555 1163 3564 ἱ

102 3594 232 3685 Figere,
252 3604 287 3658 et
303 3590 456 3682 ingentes
477 3588 644 3681 aequantia
664 3613 793 3658 cornua
814 3587 924 3659 silvas.

104 3714 169 3780 Vix
188 3707 290 3778 ramis
311 3707 403 3779 locus
419 3723 589 3803 :agrestes
610 3708 695 3778 adeo
717 3711 831 3777 omnia
850 3712 993 3806 cingunt

98 3832 259 3918 Exuviae,
279 3844 314 3898 et
332 3824 474 3898 viridem
490 3827 571 3896 ferri
590 3830 680 3899 nitor
699 3829 840 3923 impedit
858 3832 1023 3902 umbram.

100 3959 215 4038 Hauc,
233 3967 273 4022 ut
289 3950 376 4020 forte
393 3951 482 4050 jugis
499 3947 603 4046 longo
622 3948 750 4020 defessa
770 3951 902 4021 redibat

100 4073 255 4160 Venatu,
273 4070 375 4140 modo
390 4086 493 4166 ¹rapta
508 4070 602 4140 ferox
621 4071 883 4165 Erymanthidos
901 4097 988 4144 ursae

250 4219 285 4264 tt.
957 4218 995 4265 11
