3094 5140
104 457 144 520 (ν.
156 457 228 522 83⁵.)
438 455 656 513 ratramus
674 456 787 514 UBER
803 457 839 513 K
1110 476 1164 515 ποι

97 587 173 655 Seu
188 608 317 679 magna
333 581 416 652 data'
431 582 522 654 sama
541 585 631 672 neci,
652 607 711 654 seu
730 581 807 653 laeta
826 582 992 654 malorum

97 705 291 801 Principia,
306 719 339 774 et
358 702 493 774 blandae
511 709 681 800 Superum
698 702 898 774 mortalibus
915 707 984 776 irae.

153 830 227 896 Jam
246 825 385 898 sordent
404 838 537 896 terrena
557 827 647 910 viro,
668 825 834 920 taedetque
854 819 1030 922 jirofundoe

98 949 229 1038 Caedis,
247 963 281 1018 et
300 949 469 1018 exhaustis
489 946 571 1018 olim
590 949 801 1042 Graiumque
820 947 957 1041 suisque

99 1070 308 1159 Missilibus,
330 1068 416 1141 lassa
437 1070 584 1164 respexit
602 1070 638 1138 in
660 1069 787 1140 aetbera
805 1069 941 1159 dextra,

99 1191 221 1263 Ardua
239 1215 319 1262 mox
338 1205 435 1260 torvo
449 1191 592 1290 ‚metitur
610 1189 759 1260 culmina
778 1191 871 1280 visu,

101 1317 371 1407 innumerosque
382 1310 525 1408 gradus,
537 1311 671 1412 gemina
682 1309 770 1383 latus
784 1312 906 1384 arbore
912 1312 1048 1406 cliuus,

100 1436 243 1506 Aetium
262 1434 326 1504 sibi
344 1447 459 1530 portat
477 1435 551 1519 iter,
571 1431 931 1529 longeque'timendus
1056 1491 1058 1498 .

100 1554 311 1626 Multifidam
330 1579 492 1650 quercum
509 1554 667 1650 flagranti
688 1551 816 1624 lumine
837 1555 960 1625 vibrat.

102 1679 210 1748 Arma
230 1677 356 1746 rubent
379 1689 462 1765 una,
484 1673 661 1774 clipeoque
680 1675 874 1748 incenditur
892 1677 992 1772 ignis.

101 1827 120 1862 α
137 1799 228 1884 Hac,
245 1799 311 1885 ait,
330 1799 364 1868 in
381 1797 531 1883 Thebas,
547 1797 612 1868 bac
631 1822 686 1867 me
700 1797 798 1892 jubet
816 1796 922 1868 ardua
941 1799 1049 1869 virtus

100 1923 174 2008 Ire,
193 1922 367 1990 Menoeceo
384 1944 452 2016 qua
470 1919 602 1989 lubrica
620 1920 786 2016 sanguine
806 1913 920 2014 turris.

100 2043 279 2136 Experiar,
297 2041 380 2136 quid
401 2065 495 2111 sacra
509 2041 647 2136 juvent,
666 2065 711 2110 an
728 2039 831 2110 salsus
845 2039 1009 2134 Apollo.»

154 2163 266 2252 Dixit,
283 2175 317 2231 et
336 2161 466 2232 alterno
486 2163 621 2257 captiva
642 2162 679 2230 in
695 2162 819 2231 moenia
839 2185 955 2257 gressu

103 2285 223 2379 Surgit
238 2309 342 2353 ovans
358 2309 366 2352 :
385 2281 503 2379 quales
521 2281 641 2352 mediis
659 2283 694 2352 iu
712 2281 861 2352 nubibus
877 2283 981 2353 ather

99 2402 201 2474 Vidit
219 2403 372 2493 Aloidas,
391 2428 498 2500 quum
514 2418 680 2475 cresceret
699 2403 804 2498 impia
822 2381 922 2473 tellus

100 2529 313 2620 Despectura
331 2529 442 2615 Deos,
459 2550 524 2597 nec
536 2525 652 2596 'adbuc
671 2527 819 2596 immane
838 2527 966 2596 veniret

100 2645 239 2733 Pelion,
259 2662 293 2716 et
311 2646 483 2742 trepidum
500 2649 572 2742 jam
591 2661 744 2748 tangeret
764 2650 850 2744 Ossa
867 2650 1068 2719 Tonantem.

151 2770 238 2837 Tum
257 2792 337 2837 vero
355 2769 490 2838 attoniti
507 2767 656 2840 fatorum
672 2747 708 2837 iu
725 2768 862 2839 cardine
881 2793 1034 2857 summo,

100 2891 174 2958 Ceu
192 2912 349 2981 suprema
366 2887 438 2959 lues
459 2888 595 2976 urbem,
616 2888 812 2984 facibusque
830 2892 983 2961 cruentis

100 3013 289 3104 AEquatura
309 3009 380 3081 solo
402 3023 512 3082 tu'rres
529 3009 670 3080 bellona
687 3011 832 3102 subiret,

100 3129 271 3200 Omnibus
288 3155 308 3200 e
330 3132 425 3201 tectis
445 3132 598 3202 certatim
620 3133 886 3226 ingentiasaxa,

100 3251 322 3346 Roboraque,
338 3267 371 3322 et
385 3251 541 3354 grauidas
554 3252 667 3324 sunda
682 3251 829 3324 Balearis
847 3255 1014 3348 habenas,

100 3372 216 3468 (Nam
227 3372 367 3468 jaculis,
381 3373 533 3469 coeioque
545 3375 638 3471 vagis
653 3400 729 3471 spes
741 3375 833 3446 unde
846 3365 975 3473 sagittis
987 3379 1028 3474 i)

92 3472 231 3564 'Verum
244 3495 333 3565 avidi
346 3509 383 3568 et
395 3511 563 3566 tormenta
575 3511 707 3586 rotant,
726 3513 760 3567 et
773 3496 919 3569 molibus
932 3505 1064 3596 urgent.

101 3615 163 3685 llle
184 3641 246 3686 nec
267 3618 422 3712 ingestis,
442 3643 505 3688 nec
523 3634 618 3713 terga
636 3619 855 3714 sequentibus
873 3646 1023 3718 unquam

100 3737 301 3807 Detrahitur
317 3736 412 3827 telis,
431 3763 607 3834 vacuoque
627 3741 691 3811 sub
713 3749 791 3812 aere
808 3743 959 3837 pendens

100 3857 205 3929 Plana
225 3856 318 3928 velut
335 3873 426 3930 terra
445 3872 556 3931 certus
574 3863 713 3960 vestigia
731 3863 828 3958 figat,

99 3978 244 4068 Tendit,¹
261 3995 296 4050 et
316 3981 446 4076 ingenti
463 3983 555 4052 subit
570 3979 770 4084 occurrente
787 3987 896 4055 ruina.

100 4101 219 4171 Amnis
239 4116 277 4171 ut
292 4079 490 4174 incumbens
509 4101 649 4198 iongaevi
667 4105 791 4175 robora
807 4109 920 4200 pontis
