3172 5142
142 439 259 506 tuadi.)
456 440 675 499 THEBAIDOS
698 441 809 500 LIBER
832 443 899 499 Vll.
1163 463 1199 518 97
1225 431 1229 440 ¹

142 565 236 635 Talis
252 566 317 636 erit
332 590 340 632 ι
356 564 441 636 dites
460 591 624 662 pecorum
634 570 850 639 comitantur
863 569 1038 662 Erythra,

142 688 213 777 Qui
231 685 373 774 Scolon,
392 686 600 784 densamque
614 690 705 786 jugis
721 693 879 760 Eteonon
896 691 1038 786 iniquis,

141 809 214 897 Qui
234 809 337 878 breve
353 805 573 904 lituslllyles,
594 808 888 907 Atalantoeumque
907 813 1044 907 superbi

140 929 315 1000 schoenon
333 929 476 1017 habent,
496 932 636 1026 notique
657 930 775 1002 colunt
794 933 938 1028 vestigia
955 934 1078 1028 campi.

139 1051 323 1122 Fraxineas
337 1051 473 1121 vibrant
489 1037 660 1121 Macetum
679 1050 722 1122 de
739 1077 833 1122 more
853 1053 1006 1142 sarissas,

139 1175 303 1266 Saevaque
325 1171 478 1242 difficiles
496 1172 674 1244 excludere
691 1173 833 1246 vulnera
851 1173 969 1272 peltas.

190 1297 278 1363 Ecce
294 1308 405 1363 autem
426 1292 572 1365 clamore
592 1310 699 1366 ruunt
716 1297 887 1392 Neptunia
905 1297 1021 1394 plebes

139 1414 321 1504 Onchesti,
332 1439 426 1508 quos
444 1416 827 1512 pinigerisMycalessos
844 1419 878 1489 in
898 1421 1006 1514 agris,

139 1534 377 1630 Palladiusque
387 1534 522 1626 Melas,
539 1541 761 1632 Hecataeaque
781 1541 914 1636 gurgite
930 1543 1039 1611 nutrit

140 1657 347 1753 Gargaphye
364 1683 371 1725 :
388 1682 602 1752 quorumque
623 1659 720 1728 novis
744 1657 915 1730 Haliartos
930 1663 1042 1732 aristis

138 1777 292 1864 Invidet,
313 1793 348 1847 et
366 1779 470 1848 nimia
486 1794 557 1849 sata
572 1778 647 1848 laeta
664 1782 859 1873 supervenit
877 1782 994 1852 herba.

139 1897 223 1971 Tela
241 1897 342 1970 rudes
360 1901 489 1988 munci,
504 1897 607 1995 galeae
625 1925 735 1970 vacua
752 1926 812 1971 ora
829 1900 981 1993 leonum,

141 2022 288 2092 Arborei
305 2022 388 2091 dant
407 2036 502 2090 scuta
519 2023 623 2091 sinus.
645 2025 719 2090 llos
739 2024 827 2118 regis
843 2048 966 2118 egenos

139 2143 313 2239 Amphion
332 2169 376 2213 en
393 2157 510 2214 noster
527 2144 597 2240 agit
614 2145 835 2241 (cognoscere
856 2169 1019 2240 pronum,

139 2266 294 2361 Virgo),
309 2262 382 2362 lyra
399 2264 529 2361 galeam
549 2280 714 2360 tauroque
730 2264 874 2361 insignis
890 2266 992 2336 avito.

139 2389 253 2457 Macte
269 2389 383 2458 animo
397 2386 557 2482 juvenis:
575 2387 703 2458 medios
716 2400 814 2483 parat
833 2389 883 2457 ire
902 2413 964 2482 per
981 2413 1093 2476 enses,

139 2508 308 2603 Nudaque
327 2509 488 2603 proceris
505 2533 677 2603 opponere
694 2524 830 2604 pectora
852 2510 969 2584 muris.

190 2634 261 2700 Vos
279 2631 381 2700 etiam
403 2631 547 2719 nostris,
567 2628 745 2700 Heliconia
764 2630 882 2719 turba,
901 2632 1022 2704 venitis

141 2752 276 2823 Addere
292 2752 392 2821 rebus
405 2776 531 2846 ¹opem;
552 2767 675 2846 tuque,
694 2779 715 2821 o
734 2755 927 2843 Permesse,
946 2757 1079 2825 canoris

141 2877 206 2962 Et,
227 2872 305 2943 felix
324 2871 452 2960 Olmie,
471 2871 583 2958 vadis,
605 2874 743 2942 armatis
763 2871 920 2943 alumnos

144 2993 316 3064 Bellorum
335 2994 462 3065 resides
481 2995 624 3088 :patriis
645 2995 867 3064 concentibus
883 2995 979 3064 audis

144 3113 321 3184 Exsultare
339 3139 475 3210 gregem
496 3139 505 3180 t
524 3110 657 3208 quales,
680 3138 785 3207 quum
804 3112 929 3210 pallida
944 3116 1033 3186 cedit

144 3240 287 3322 Bruma,
305 3234 515 3304 renidentem
531 3233 704 3304 deducunt
723 3237 903 3329 Strymona
920 3239 1027 3331 cycni.

145 3359 196 3424 lte
214 3353 360 3442 alacres,
380 3379 554 3448 nunquam
574 3355 676 3424 vestri
695 3357 881 3424 morientur
899 3357 1065 3440 honores,

145 3475 302 3570 Bellaque
323 3490 486 3571 perpetuo
502 3474 742 3544 memorabunt
761 3477 910 3545 carmine
930 3479 1073 3548 Musae.»

194 3599 355 3688 Dixerat,
374 3613 409 3668 et
430 3593 581 3690 paullum
600 3596 696 3689 virgo
715 3595 872 3666 interfata
888 3595 1042 3668 docenti:

143 3719 226 3789 «Illi
245 3733 374 3806 autem,
391 3743 539 3812 quanam
555 3719 750 3813 junguntur
767 3720 898 3814 origine
915 3718 1056 3790 fratres?

146 3843 201 3912 Sic
222 3856 312 3910 certe
325 3840 422 3936 paria
438 3864 533 3909 arnna
551 3839 649 3924 viris,
667 3840 714 3908 sic
732 3839 799 3908 exit
819 3841 856 3908 in
874 3865 974 3910 auras

144 3961 292 4034 Cassidis
310 3985 425 4056 aequus
437 3984 531 4056 apex
546 3985 554 4028 ε
572 3959 701 4030 utinum
721 3959 792 4028 haec
810 3960 993 4030 concordia
1007 3963 1151 4032 nostris!
1164 3995 1181 4029 s

192 4085 257 4155 Cui
274 4085 388 4153 senior
407 4081 542 4152 ridens:
560 4085 666 4154 «Non
690 4084 798 4176 prima
816 4106 930 4152 errore
950 4081 1083 4153 videndi

289 4229 324 4272 tt.
1012 4217 1030 4285 7
