3172 5142
359 433 396 506 ⁷6
677 437 894 495 rusamnos
914 438 1027 495 nmen
1048 439 1099 494 rr.
1298 438 1334 500 (e.
1348 435 1441 497 ⁵9⁵>

357 558 460 630 Nuda
479 559 621 630 cohors:
637 559 788 632 volucres
804 562 920 632 iisdem
939 563 1040 632 modo
1060 563 1186 632 tardius
1205 563 1298 630 arvis

357 683 426 748 Isse
442 680 600 750 videntur
615 683 716 775 equi:
733 682 849 752 credas
866 709 884 752 e
904 682 1000 778 plebe
1019 683 1196 777 Cydonum

357 801 627 894 Parthorumque
644 801 722 896 fuga
742 801 880 872 totidem
899 803 1069 872 exsiluisse
1088 805 1235 896 sagittas.

357 921 436 990 Non
458 919 555 990 aliter
573 919 694 990 celeres
710 926 866 1015 Hyrcana
884 947 946 1017 per
963 924 1038 991 avia
1058 924 1164 1007 cervi,

357 1040 472 1127 Quum
491 1039 609 1133 procul
626 1043 759 1135 impasti
776 1041 947 1110 fremitum
965 1067 1121 1137 accepere
1143 1040 1267 1132 leonis,

357 1161 434 1228 Sive
450 1175 571 1254 putant
586 1187 594 1228 :
611 1162 699 1255 rapit
719 1164 879 1231 attonitos
896 1161 979 1260 fuga
995 1187 1095 1248 caeca,
1112 1177 1287 1256 metusque

357 1281 564 1376 Congregat,
582 1296 615 1350 et
634 1280 771 1376 longum
792 1282 874 1351 dant
892 1307 1019 1351 cornua
1036 1285 1139 1351 mixta
1156 1282 1337 1377 fragorem.

406 1399 538 1496 Effugit
556 1403 612 1471 hic
629 1400 744 1472 oculos
765 1401 882 1496 rapida
903 1426 989 1497 puer
1003 1393 1097 1472 o'cior
1116 1428 1197 1474 aura

357 1519 551 1610 Maenalius,
573 1547 672 1616 quem
691 1521 811 1591 deinde
833 1522 940 1617 gradu
960 1525 1082 1618 premit
1097 1523 1254 1592 horridus
1268 1523 1363 1611 Idas,

357 1642 571 1736 Inspiratque
589 1643 750 1730 humero,
769 1641 937 1735 flatuque,
956 1658 990 1711 et
1007 1643 1152 1737 pectoris
1171 1643 1288 1712 umbra

357 1765 466 1858 Terga
485 1763 607 1855 premit
625 1777 723 1856 :post
742 1762 899 1856 ambiguo
919 1761 1109 1830 discrimine
1130 1761 1270 1830 tendunt

359 1882 546 1952 Phaedimus
566 1897 666 1975 atque
688 1885 837 1980 Dymas:
858 1881 922 1952 illis
942 1869 1031 1952 celer
1051 1884 1204 1982 imminet
1224 1881 1344 1952 Alcon.

407 2003 529 2075 Flavus
549 2003 593 2074 ab
611 2005 744 2074 intonso
761 2003 928 2099 pendebat
943 2005 1066 2074 vertice
1083 2005 1184 2073 crinis

359 2124 531 2196 Arcados:
548 2124 613 2192 hoc
631 2125 747 2219 primis
764 2125 883 2193 Triviae
901 2124 1059 2218 pascebat
1074 2124 1117 2192 ab
1135 2115 1230 2192 annis

360 2249 502 2333 Munus,
519 2259 553 2313 et
568 2245 700 2338 Ogygio
715 2246 824 2313 victor
845 2269 922 2312 cum
935 2246 1046 2313 Marte
1066 2244 1218 2328 redisset,

361 2368 592 2460 Nequicquam
613 2367 731 2462 patriis
747 2363 855 2434 audax
873 2366 1072 2460 promiserat
1087 2368 1163 2435 aris.

361 2490 456 2556 Tunc
475 2485 560 2555 liber
576 2511 679 2570 nexu,
701 2483 830 2579 lateque
848 2487 884 2554 in
900 2499 994 2580 terga
1013 2483 1140 2555 solutus

363 2609 515 2678 Occursu
531 2607 675 2702 Zephyri
694 2621 785 2678 retro
800 2605 904 2702 fugit,
920 2621 955 2674 et
971 2605 1069 2674 simul
1088 2607 1198 2699 ipsum

363 2729 524 2824 Impedit,
543 2727 729 2821 infestoque
748 2725 865 2796 volans
882 2727 1077 2796 obtenditur
1094 2726 1171 2796 Idae.

363 2849 446 2918 Inde
466 2847 581 2918 dolum
596 2849 747 2942 juvenis,
767 2848 943 2941 fraudique
961 2847 1175 2917 accommoda
1194 2852 1297 2920 sensit

363 2973 528 3064 Tempora
544 2995 552 3038 ε
566 2971 636 3064 jam
651 2969 752 3038 finem
767 2971 878 3063 juxta,
896 2968 977 3038 dum
995 2967 1111 3036 limina
1131 2970 1240 3038 victor

365 3092 622 3186 Parthenopaeus
642 3092 723 3178 init,
740 3105 894 3184 correpto
912 3091 1002 3158 crine
1017 3088 1192 3158 reductum

366 3214 537 3307 Occupat,
557 3225 590 3280 et
606 3209 713 3306 longae
731 3211 858 3304 primus
878 3209 956 3277 ferit
972 3210 1059 3277 ostia
1076 3224 1190 3302 portae.

416 3332 562 3404 Arcades
582 3355 675 3401 arma
696 3329 861 3415 fremunt,
882 3330 983 3398 armis
1001 3327 1180 3396 defendere
1199 3353 1332 3424 regem,

367 3458 412 3527 Ni
431 3468 564 3548 raptum
581 3451 681 3521 decus
700 3465 734 3520 et
753 3451 861 3520 meriti
880 3427 1065 3518 reddantur
1083 3433 1248 3535 honores,

368 3574 602 3660 Contendunt,
622 3587 760 3666 totoque
775 3583 896 3666 parant
912 3568 1070 3638 decedere
1089 3571 1190 3638 circo.

369 3702 455 3769 Sunt
472 3709 504 3764 et
524 3693 598 3787 quis
615 3693 682 3762 Idae
701 3691 830 3786 placeat
848 3689 945 3760 dolus
964 3714 973 3758 ε
993 3691 1063 3784 ipse
1080 3703 1207 3784 regesta

371 3817 628 3911 Parthenopen„
649 3817 750 3882 humo
768 3810 965 3905 vultumque
983 3808 1165 3902 oculosque
1181 3809 1355 3879 madentes

370 3938 494 4008 Obruit
512 3963 520 4005 :
538 3937 676 4024 apcessit
692 3933 917 4027 lacrymarum
936 3933 1045 4026 gratia
1064 3927 1188 3996 formae.

370 4061 505 4130 Pector-
530 4081 617 4126 nure
638 4079 798 4142 moerens,
820 4078 909 4122 nunc
924 4076 984 4119 ora
1004 4048 1142 4143 indigna
1163 4062 1303 4117 cruento
