3080 5136
382 467 440 537 348
759 465 1062 526 unnotfflottus

380 589 481 660 vuum,
495 588 578 662 cujus
591 586 707 663 ignibtu
721 607 787 644 curn
802 587 883 666 [fort.
898 592 978 656 Ium,
994 589 1013 644 i.
1028 609 1053 645 e.
1068 589 1202 666 primurn]
1213 587 1356 666 flagrasse
1365 591 1445 647 Idan

380 700 413 738 ec
431 701 500 738 mox
514 681 701 738 continuante
717 679 831 738 flamma
844 681 966 742 deoroen
982 683 1103 739 delubra
1115 683 1297 740 concremari
1312 704 1445 740 omm-

382 795 440 850 que
455 777 599 832 civitatem
613 776 642 831 in
659 775 769 832 cineres
788 778 962 852 conlapsam.
981 777 1055 833 lude
1069 795 1139 852 ergo
1154 777 1194 832 ait
1211 798 1220 832 ε

486 950 605 1016 Plenaque
620 949 724 1000 mater-ni
738 947 845 1000 νεῖσθαι
859 948 970 1016 praesagia
985 950 1091 1001 mmai.»

379 1117 446 1172 Hac
458 1115 607 1190 supposita
620 1113 761 1172 inlocum
775 1113 947 1188 antiquioris
962 1113 1063 1170 scholii
1083 1115 1123 1172 ad
1137 1135 1164 1170 r.
1185 1133 1233 1173 aa.
1243 1115 1323 1172 ‘Sine
1337 1135 1440 1173 necea-

378 1207 460 1264 sitate
479 1207 626 1284 castigavit
644 1205 778 1264 Menkius
793 1227 800 1262 ε
815 1206 968 1264 «incautas
982 1210 1059 1262 clam
1072 1209 1274 1283 depopulatus.
1288 1233 1306 1259 ι

421 1302 480 1356 Sed
494 1303 607 1356 tardum
625 1313 686 1366 est,
704 1298 772 1371 jam
784 1303 878 1376 plena
893 1298 931 1375 (v.
950 1297 1009 1376 47).
1025 1301 1094 1356 Exc.
1109 1301 1195 1375 Burg.
1212 1319 1280 1357 ras.
1300 1301 1440 1358 tardum:

381 1395 467 1468 plena
480 1405 526 1450 est
537 1394 588 1468 inj.
598 1417 614 1446 s
627 1392 741 1451 Deinde
757 1394 898 1449 secundus
912 1394 1027 1469 Jupiter
1037 1404 1080 1448 est
1089 1395 1252 1467 Neptunus.

421 1503 560 1576 AEquoreo
579 1500 705 1574 dffsusus
726 1510 843 1555 nectam
863 1497 902 1577 (a.
919 1496 979 1577 53).
1002 1523 1018 1552 a
1031 1499 1156 1556 Praebito
1179 1519 1196 1556 a
1217 1519 1335 1557 sumam
1354 1503 1441 1557 mnis

379 1591 507 1648 domino.
531 1593 586 1648 Vel
612 1591 695 1669 quod
721 1591 911 1649 conveniebat
939 1603 1049 1648 naturae
1074 1611 1281 1668 aequoreorum
1316 1594 1440 1650 deorum

377 1685 494 1742 alenda.
508 1709 524 1739 ι
543 1689 643 1744 Guoss.

418 1781 631 1856 Scopulosaque
649 1791 711 1836 cete
725 1777 764 1856 (v.
781 1777 838 1856 55).
853 1780 1046 1854 Scopulomm
1060 1779 1184 1853 speciem
1197 1779 1372 1852 praebentia.

418 1886 579 1941 pensamus
591 1885 722 1962 praemia
739 1887 853 1959 palmoe
869 1881 909 1962 (a.
928 1881 990 1962 69).
1015 1900 1032 1939 a
1058 1886 1148 1960 Regg.
1169 1904 1176 1938 :
1198 1887 1341 1958 agundia
1363 1905 1411 1961 p.,
1425 1913 1441 1937 ι
1533 1923 1534 1942 l

378 1979 461 2053 quod
476 1997 543 2034 sanc
559 1997 660 2034 verum
673 1997 733 2034 esse
746 1977 869 2034 videtur.

419 2089 478 2141 Aut
485 2083 737 2160 penuittefretum
751 2081 790 2153 (v.
805 2081 862 2161 73).
879 2084 924 2140 Sc.
945 2083 1033 2154 mihi,
1051 2101 1087 2139 ex
1106 2102 1186 2158 seqq.
1201 2083 1380 2142 Wakefield.
1400 2088 1442 2140 ad

379 2181 502 2246 turma,
518 2197 559 2249 av,
574 2178 648 2254 692,
662 2177 742 2233 malit
757 2177 820 2233 «Et
833 2195 901 2252 p.‚»
917 2179 975 2234 hoc
990 2195 1074 2234 sensu
1089 2197 1096 2231 ε
1115 2177 1216 2234 Obrue
1230 2195 1351 2252 puppes
1364 2179 1439 2234 ficto

378 2271 481 2328 emisso
495 2283 524 2327 et
537 2273 600 2328 illas
614 2270 789 2345 corripiente

417 2367 525 2422 Ductor
535 2377 675 2442 aquarum
689 2361 728 2440 (v.
750 2361 809 2442 78).
824 2363 910 2420 Multi
924 2363 1009 2420 codd.
1029 2383 1037 2418 :
1056 2385 1072 2415 a
1081 2375 1173 2419 metor
1185 2382 1232 2438 aq.
1243 2388 1259 2415 s

420 2475 533 2529 Funera
552 2485 676 2530 umnam
699 2468 743 2548 (v.
765 2469 835 2550 85)l
848 2471 959 2529 waes.
975 2473 1018 2526 ad
1033 2473 1157 2540 lucret,
1174 2489 1229 2540 nr,
1247 2469 1308 2546 893
1325 2492 1333 2526 :
1349 2475 1438 2527 aaut·
1534 2511 1535 2522 ,

378 2584 448 2622 nera
463 2585 500 2620 rn.
516 2589 532 2616 a
550 2564 608 2621 Sed
620 2567 678 2624 hoc
692 2563 762 2620 dicit
777 2583 787 2619 t
803 2583 863 2620 non
886 2575 918 2620 tn
933 2566 994 2620 sola
1007 2565 1094 2620 sunus
1112 2563 1249 2634 habebis,
1263 2565 1317 2620 sed
1335 2576 1438 2620 mauu

379 2658 464 2716 etiarn
484 2657 623 2734 Phrygiae.
642 2689 682 2699 —
702 2657 769 2733 Seq.
784 2677 812 2714 r.
828 2659 911 2715 tiss.
927 2653 1131 2731 Oudendorpii
1151 2676 1199 2731 ap.
1221 2659 1381 2714 Burmann.
1399 2659 1440 2712 ad

379 2750 498 2808 Anthol.
516 2753 564 2805 lat.
570 2789 580 2818 ,
602 2751 660 2806 vol.
682 2769 755 2824 1,p.
770 2749 806 2832 73
823 2751 956 2824 :tepidos
971 2753 1204 2824 rnodosanguina
1216 2752 1328 2806 Teucro
1343 2753 1376 2807 U.
1394 2773 1417 2805 c.

422 2857 560 2912 Hectoreo
581 2856 711 2910 tardabit
715 2855 823 2927 sunere
838 2875 935 2911 currus
949 2853 988 2932 (v.
1003 2853 1063 2932 88).
1077 2855 1204 2912 Statiana
1218 2858 1312 2933 magis
1329 2868 1359 2913 et
1373 2877 1437 2914 vera

379 2967 425 3004 rue
432 2948 530 3021 judice
545 2957 587 3003 est
596 2949 682 3003 lectio
695 2948 852 3019 lactantii,
862 2947 1027 3017 etiam‚nisi
1039 2949 1132 3017 fallor,
1146 2947 1176 3002 in
1191 2949 1258 3022 ipso
1268 2961 1354 3005 textu
1368 2969 1436 3005 coa·

379 3040 478 3114 spicua
487 3039 595 3097 codicis
607 3043 679 3116 lieg.
697 3043 793 3108 8040:
807 3051 852 3096 at
865 3042 992 3114 patulam
1004 3059 1059 3110 c.‚›1
1074 3041 1157 3112 cujus
1171 3041 1264 3097 altera
1280 3044 1377 3118 glossa
1390 3054 1436 3098 est

380 3133 462 3190 ldem
476 3133 542 3188 cod.
556 3133 593 3189 ad
606 3153 666 3209 seq.
682 3153 708 3188 v.
724 3154 732 3188 τ
747 3157 759 3184 a
773 3135 837 3192 Hoc
857 3133 976 3208 quidem
993 3135 1081 3190 habet
1094 3134 1193 3190 dabula
1208 3153 1215 3188 :
1236 3137 1400 3210 Neptunus
1411 3147 1438 3191 et

378 3226 488 3300 Apollo
515 3227 609 3299 Trojae
633 3225 847 3283 fabricavemut
869 3245 967 3282 muros
988 3245 1006 3282 a
1027 3227 1227 3282 Laomedonte
1250 3229 1367 3302 rogati3
1392 3229 1438 3284 sed

380 3329 491 3375 constat
509 3320 736 3376 Laomedontem
750 3337 836 3393 supra
851 3319 934 3374 dictis
948 3319 1011 3375 Diis
1024 3329 1129 3376 certam
1148 3319 1266 3376 vovisse
1287 3323 1438 3394 pecuniata

379 3411 417 3468 ad
429 3430 506 3468 sacra
521 3411 668 3482 facienda,
686 3431 774 3486 quam
786 3422 854 3485 post
868 3411 1015 3488 conditam
1026 3412 1145 3483 Trojara
1158 3411 1229 3468 dare
1242 3414 1352 3470 noluit.
1364 3417 1439 3489 Ergo

379 3506 473 3560 Deum
491 3504 592 3560 iratum
610 3503 752 3574 ostendit,
766 3522 858 3578 quum
876 3503 946 3560 dicit
964 3523 1061 3560 muros
1074 3504 1219 3576 Trojanos
1234 3525 1328 3580 opera
1353 3508 1438 3562 urata

380 3615 447 3654 esse.
461 3597 546 3655 Unde
559 3597 696 3676 Virgilius
712 3596 804 3676 [AEn.,
821 3617 865 3666 11,
878 3595 999 3674 litalde
1014 3597 1161 3656 eversione
1175 3599 1274 3671 Trojae
1289 3619 1297 3654 ε

485 3775 612 3840 Neptunru
627 3788 709 3822 muros
721 3788 855 3840 magnoque
870 3783 949 3824 emota
964 3773 1062 3824 tridenti

486 3853 653 3908 Fundamenta
666 3856 751 3923 quatit.
760 3881 772 3900 ι

421 4021 579 4078 Crediderat
597 4020 638 4102 (v.
658 4019 719 4101 91).
733 4025 805 4099 Beg.
823 4043 835 4079 ι
859 4044 865 4078 :
884 4022 1017 4090 cnaeus,
1034 4035 1067 4079 ut
1082 4025 1218 4082 Manlius
1233 4027 1411 4101 conjecerat.

420 4115 527 4172 Gavisa
538 4117 606 4172 locis
622 4113 660 4196 (v.
679 4117 755 4194 rota).
770 4118 816 4174 Fr.
835 4117 930 4176 Modii
944 4118 1009 4175 cod.
1025 4137 1033 4172 :
1047 4121 1111 4175 loci.
