3192 5148
139 528 165 579 <v
183 535 241 573 nt,
487 509 680 565 suvauuu
701 511 811 566 Luae
835 513 856 568 1.

140 641 186 706 Et
207 648 358 731 sempecta
379 631 459 702 mali
478 649 644 728 ruperunt
663 634 779 704 nubila
799 638 918 704 somni.

140 756 290 850 Adjuvat
308 757 378 850 ipse
396 758 508 844 Deus,
528 755 713 850 morboque
734 754 900 825 valentius
920 759 1013 825 omni

143 879 298 970 Occupat
317 874 489 946 auxilium.
510 877 618 944 Citius
638 899 707 944 non
726 890 798 944 arte
817 877 960 946 refectus

142 995 311 1092 Telephus
330 997 502 1083 AEmonia3
520 1021 582 1064 uec
602 987 874 1089 quae'metuentis
891 996 1018 1067 Atrida)
1134 993 1136 998 ’

143 1119 237 1186 Saeva
254 1116 458 1186 Machaonio
477 1122 629 1186 coierunt
648 1114 788 1185 vulnera
809 1142 918 1186 succo.

193 1237 282 1326 Quis
301 1237 398 1336 mihi,
418 1250 468 1306 tot
485 1251 622 1333 questus
641 1237 728 1306 inter
749 1235 932 1332 populique
952 1223 1177 1333 patrumque„

143 1359 194 1426 Sit
213 1382 321 1444 curae,
341 1359 477 1450 votique
497 1356 608 1427 locus?
627 1361 755 1427 Tamen
775 1356 880 1426 ardua
899 1367 1005 1426 testor'

143 1478 281 1566 Sidera,
302 1491 416 1572 teque,
436 1493 531 1573 pater
550 1493 667 1547 vatum
686 1478 898 1572 Thymbraee‚
918 1480 993 1573 quis
1012 1481 1106 1549 omni

142 1603 235 1670 Luce
255 1599 355 1686 mihi,
375 1601 448 1694 quis
468 1612 567 1668 nocte
588 1599 804 1686 timendum
824 1599 976 1693 postibus
994 1601 1122 1670 haereus
1183 1593 1185 1598 ’

142 1719 320 1807 Assiduus,
342 1745 432 1789 nunc
452 1745 532 1789 aure
549 1718 648 1814 vigil,
668 1745 759 1826 nuuc
779 1719 921 1808 lumine,
942 1734 1062 1791 cuncta

142 1843 347 1936 Aucup0r;'
339 1865 508 1910 1mmensae
527 1839 630 1910 veluti
650 1865 802 1911 connexa
820 1842 941 1910 carinae

142 1961 278 2054 Cymbe
292 1963 414 2048 minor,
433 1951 538 2078 quum
556 1949 648 2030 ¹saevit
665 1961 788 2049 hiems,
809 1987 872 2057 pro
888 1975 999 2056 parte,
1020 1962 1167 2030 furentes

142 2083 252 2148 Parva
272 2095 419 2175 receptat
439 2105 558 2175 aquas,
578 2095 611 2149 et
630 2082 747 2150 eodem
768 2079 915 2150 volvitur
935 2084 1071 2151 Austro.
1190 2081 1191 2084 '
1216 2061 1218 2066 ,

193 2201 324 2269 Nectite
345 2193 437 2269 nunc
456 2198 538 2270 laetae
556 2189 733 2270 candentia
752 2199 828 2289 fila,
848 2191 993 2290 sereres,

144 2323 306 2392 Nectite:
327 2345 427 2390 nemo
448 2320 587 2390 modum
608 2313 791 2390 'transmissi
812 2309 1081 2417 computet'aevi,

144 2442 207 2512 Hic
225 2443 303 2509 vitae
323 2431 443 2510 natalie
463 2443 536 2510 erit.
557 2444 609 2510 Tu
645 2444 771 2510 Troica
785 2441 907 2536 dignus
942 2481 944 2486 ·

144 2561 289 2649 Saecula,
309 2575 342 2630 et
361 2563 501 2632 Euboici
521 2561 757 2631 transcendere
778 2562 925 2656 pulveris
945 2587 1069 2648 annos,

143 2683 389 2776 Nestoreosque
408 2685 501 2751 situs.
522 2684 601 2770 Qua
622 2669 712 2750 nunc
733 2682 793 2749 tibi
815 2707 943 2777 pauper
962 2707 1076 2752 acerra

144 2804 258 2898 Digna
278 2800 396 2870 litem?
417 2826 479 2870 nec
497 2802 525 2870 si
544 2816 664 2870 vacuet
683 2791 842 2870 Mevania
861 2799 1016 2888 valles,

143 2927 213 2992 Aut
233 2935 390 3017 praestent
410 2923 526 3024 niveos
527 2907 720 2991 Clitumna
739 2919 888 2989 novalia
894 2935 1029 3008 tauros,

143 3042 335 3129 Sufficiam,
357 3041 414 3111 s‘ed
434 3067 519 3136 saepe
538 3041 620 3110 Deis
637 3042 727 3110 hos
718 3055 807 3110 mter
826 3029 989 3110 houores

142 3167 284 3258 Cespes,
306 3177 339 3230 et
360 3163 480 3257 exiguo
499 3145 709 3256 placuerunt
719 3159 808 3229 farra
828 3159 943 3229 salino.
