3080 5136
282 461 951 519 1NP.P.sTAT11THEBA1n.L1n.v11.
1036 504 1040 512 .
1088 459 1144 518 315

138 580 219 638 Vires
238 579 325 636 wit
334 581 414 636 Fert.
427 578 550 634 nocendi
562 575 602 654 (v.
615 574 695 654 937).
714 577 769 634 ΜΒ
787 595 793 630 :
810 577 910 644 duxit,
934 596 957 633 c.
976 577 1014 652 gi.
1034 577 1145 644 hausi,

91 673 175 750 quod
187 672 283 748 ipsum
301 671 332 728 in
347 681 428 728 textu
446 670 563 728 exhibet
578 673 636 728 ΡΒ.

130 762 500 842 Monstraaemquenefas:
517 782 566 820 ιιιιι
563 759 618 842 ’.(ι
639 759 719 840 945)
741 762 968 840 Distinguendus
980 761 1067 820 hier.
1088 773 1149 820 erat

90 877 159 914 com
181 857 356 915 Markland&
377 859 420 912 ad
438 856 522 926 Sila,
544 875 585 928 ιι,
610 857 653 926 6,.
672 857 751 916 3:«
738 866 1011 994 «monstratumque
1033 853 1148 934 (nelesl)

87 971 143 1008 um
134 950 310 1010 remeabile
322 950 466 1008 bellum
531 961 536 966 ’
1020 997 1022 1002 ,

467 1171 509 1224 ιιι
531 1170 679 1224 neuun
700 1169 765 1244 vn.

141 1401 215 1455 Orbe
237 1418 348 1456 recusso
363 1397 402 1480 (r.
419 1397 478 1476 ao).
494 1399 588 1458 Codd.
608 1398 768 1455 medioeres
783 1419 789 1453 :
806 1403 907 1455 retuso.

138 1491 246 1568 Crepat
260 1512 343 1550 aures
361 1494 503 1568 grnndine
517 1495 609 1548 multa
622 1494 713 1548 Palla
727 1490 766 1570 (r.
785 1489 844 1570 38).
859 1490 951 1546 Mirus
965 1491 995 1545 in
1008 1485 1065 1548 hoe
1078 1489 1150 1545 vitio

92 1583 290 1641 recentiorum
304 1585 371 1642 edd.
391 1603 546 1643 consensus
559 1584 720 1655 unanimis,
734 1581 917 1658 quodetiam
934 1583 1076 1638 Weberus
1090 1581 1151 1638 eine

92 1687 164 1732 nota
184 1676 299 1734 dimisit
313 1678 390 1754 Lege
402 1696 508 1745 autea,
524 1686 558 1732 ut
572 1676 751 1754 antiquiores
765 1692 874 1731 omnes.

134 1771 263 1854 Diuque
283 1771 457 1846 adspergine
471 1773 546 1826 latos
559 1771 655 1826 Mutat
669 1788 755 1845 agros
770 1764 809 1845 (v.
827 1786 864 1838 7⁰
877 1765 942 1843 sq.).
961 1770 1016 1824 ΜΒ
1031 1787 1039 1822 :
1058 1770 1150 1823 Ioetos.

91 1861 208 1918 Furta
230 1864 351 1933 lectore,
367 1861 407 1918 oh
425 1880 491 1918 voe.
510 1872 607 1918 mutat.
632 1863 710 1920 Lact.
731 1880 739 1917 ι
760 1861 875 1916 «Mutat
891 1879 987 1938 agros.
1007 1860 1151 1938 Sanguine
1235 1913 1237 1917 .
1279 1933 1281 1940 γ

92 1951 198 2024 inficit,
212 1955 349 2024 maculat,
366 1954 458 2010 variat
470 1953 529 2010 eive
544 1953 726 2030 distinguit.»

46 2048 51 2056 “
139 2047 178 2100 Ut
196 2047 224 2102 si
244 2048 362 2122 quando
379 2047 436 2102 mit
454 2044 492 2126 (v.
517 2046 576 2124 86).
596 2046 701 2105 Melius
720 2048 776 2103 ΜΒ
802 2067 809 2101 ι
828 2048 910 2103 redit.
932 2049 1022 2118 Ante,
1041 2065 1069 2102 v.
1096 2045 1150 2115 84,

93 2139 195 2194 maluit
208 2139 386 2216 Peyraredus
401 2159 408 2195 ε
423 2140 493 2197 «irae
507 2143 569 2197 lam
583 2139 684 2198 levior.
695 2163 711 2192 a

134 2231 269 2288 Nondum
278 2251 362 2288 arma
377 2233 481 2289 canitie
496 2234 603 2290 Omnia
617 2233 654 2310 (v.
675 2231 796 2310 88).1>1t
810 2243 839 2290 et
851 2234 952 2312 Roga
969 2252 976 2287 ι
990 2233 1149 2308 quieseunt,

92 2343 150 2400 pro
166 2326 288 2393 canitis,
304 2343 339 2383 ex
360 2325 479 2402 interpr.

140 2417 244 2480 Umbra
260 2419 299 2494 (v.
310 2415 370 2495 97).
385 2419 546 2476 Melicerte.
565 2421 642 2476 Male
656 2417 777 2494 quidam
790 2437 835 2492 ap.
855 2421 963 2475 Laut:
982 2419 1069 2473 unda.

135 2512 326 2586 Arentemque
338 2523 464 2569 avertere
478 2510 703 2591 velir(v.110).
725 2512 999 2588 ultumoque
1021 2521 1151 2568 avertere

97 2603 215 2672 eires,»
201 2621 388 2678 perperam.
480 2614 482 2619 '

135 2700 183 2751 An
202 2696 328 2753 dubitent
348 2694 385 2772 (v.
407 2694 524 2775 126)?«
511 2697 594 2754 «Cur
611 2715 672 2753 non
692 2696 817 2754 audeant
843 2715 898 2754 noe
920 2695 1052 2774 aggredi,
1076 2695 1150 2751 adeo

96 2788 147 2844 diu
175 2788 223 2846 hie
243 2787 426 2846 desidentes?
441 2813 456 2841 n
477 2791 576 2846 Gnoss.
598 2821 639 2862 -ε
660 2789 818 2868 Sequentia
842 2798 939 2844 autem
960 2787 1070 2844 ironice
1097 2807 1149 2845 ea-

94 2880 210 2956 pienda.

140 2973 276 3048 Clypeum
296 2986 340 3030 ter
352 2986 470 3048 pectore
479 2976 593 3047 plausit
612 2973 649 3050 (v.
676 2973 751 3052 134).
766 2975 822 3028 ΜΒ
844 2993 850 3028 :
876 2973 1009 3048 aClypeo
1029 2983 1073 3030 ter
1090 2993 1149 3048 pe-

99 3077 180 3120 ctora
193 3067 257 3141 pl.»
273 3085 290 3122 a
306 3066 354 3122 alii
367 3067 465 3125 Barth.
482 3085 489 3121 :
501 3069 626 3142 plangit.

140 3161 332 3216 Exscindisne
343 3157 381 3234 (v.
399 3158 476 3237 155).
492 3158 564 3216 Cod.
580 3161 671 3216 Gron.
687 3159 939 3224 :·Exseindensne,
955 3156 974 3214 i.
994 3174 1018 3212 e.
1036 3158 1149 3218 exscin-

96 3253 193 3310 desne.

141 3346 218 3400 Olim
243 3347 359 3402 invitum
375 3344 526 3416 peculatus
547 3346 666 3424 ¹nubibus
687 3346 781 3420 ι’,ςιιειιι
803 3343 840 3420 (ι.
858 3343 936 3422 158).
959 3347 1027 3402 Non
1047 3345 1149 3403 dubito

95 3459 194 3496 veram
208 3438 399 3512 pronuntiare
412 3437 566 3494 lectionem
583 3458 647 3514 quae
665 3449 708 3494 est
721 3437 752 3494 in
765 3440 836 3494 MB:
851 3441 917 3496 «01.
932 3438 1160 3509 invitumjacu-.

99 3537 216 3588 latume
229 3531 357 3588 nubibus
369 3530 466 3608 ignem
484 3532 667 3589 Credimus.»

141 3627 261 3681 lluimm
280 3621 318 3702 (v.
337 3622 414 3701 177).
430 3627 485 3680 ΜΒ
501 3644 508 3679 :
523 3626 640 3694 tuimur,
653 3625 797 3702 probante
815 3626 910 3682 Barth.

140 3721 259 3796 Fugihm
273 3719 400 3792 captivus
414 3717 453 3796 (v.
474 3716 550 3797 181).
565 3719 620 3775 ΜΒ
635 3737 643 3773 :
662 3719 828 3790 capiendus.
843 3719 880 3776 Iit
893 3738 920 3774 v.
939 3721 992 3790 187
1012 3717 1089 3775 idem
1100 3737 1148 3773 se-

97 3831 167 3866 cura
186 3831 241 3886 pro
255 3823 380 3880 secreta,
401 3831 417 3869 e
436 3813 489 3888 gt,
509 3811 624 3885 opinor.

148 3906 201 3960 Tot
219 3917 329 3960 mutare
342 3907 458 3961 animas
474 3903 511 3980 (a.
536 3905 614 3980 206).
631 3907 665 3960 ln
680 3905 733 3961 alia
749 3923 872 3978 corpora
892 3904 1005 3960 mittere
1026 3921 1060 3959 ex
1075 3901 1148 3970 aliis,

97 4008 130 4052 ut
144 4009 221 4053 recte
235 3999 330 4072 Barth.

147 4091 186 4146 Te
199 4110 308 4165 quoque
322 4089 359 4168 (v.
382 4109 413 4146 at
422 4089 459 4167 ο).
480 4093 547 4146 Post
561 4092 620 4148 haee
635 4091 819 4166 aposiopesis.
