3156 5138
164 424 1208 474 mrwmwwwwmwwumsmwivmmmmwwmm

469 739 526 841 P.
557 740 615 842 Ρ.
648 737 894 843 STATII

344 991 1029 1250 srrvrrrorr

545 1461 741 1549 LIBER
776 1465 827 1548 V.

610 1789 767 1806 ..ι’-

455 2046 518 2114 ΑΙ)
543 2043 874 2113 ABASCANTIUM.

163 2298 357 2431 Odimus
377 2353 551 2424 affectibus
573 2353 803 2447 prosequenda
827 2368 905 2421 sunt
929 2343 1022 2422 bone
1041 2354 1210 2450 exempla,

164 2501 269 2570 quum
290 2472 422 2569 publice
441 2463 582 2567 prosiirt.
600 2473 729 2559 Pietas,
746 2495 847 2567 quam
869 2472 1026 2543 Priscillae
1046 2489 1110 2544 tuae
1127 2500 1212 2569 prae-

164 2610 247 2682 stas,
262 2610 296 2664 et
312 2619 443 2664 morum
461 2599 605 2663 tuorum
614 2617 691 2687 pars
705 2607 771 2679 est,
790 2608 824 2661 et
840 2591 925 2661 nulli
946 2607 1014 2662 non
1033 2594 1213 2665 conciliare

163 2732 213 2803 te,
232 2720 399 2811 praecipue
416 2715 553 2802 marito,
569 2728 688 2808 potest.
703 2715 854 2784 Uxorem
868 2715 959 2782 enim
973 2717 1084 2783 vivam
1101 2741 1213 2785 amare

163 2835 319 2931 voluptas
338 2819 406 2922 est,
428 2834 619 2904 defunctam
640 2831 769 2926 religio.
792 2837 866 2926 Ego
888 2848 999 2904 tamen
1021 2836 1100 2904 huic
1119 2839 1213 2930 operi

163 2983 234 3027 non
247 2973 286 3026 ut
298 2981 417 3026 unuse
435 2955 548 3040 turbe,
563 2979 626 3023 nec
638 2967 772 3023 tantum
785 2955 880 3046 quasi
895 2953 1062 3024 officiosus
1075 2954 1188 3025 assilui
1205 2983 1213 3024 ε

164 3079 291 3148 amavit
312 3078 400 3145 enim
425 3099 565 3145 uxorem
590 3067 892 3162 meam'Priseillo,
915 3087 948 3142 et
970 3075 1115 3143 amando
1136 3075 1215 3145 fecit

165 3199 249 3269 mihi
262 3197 354 3269 illam
367 3198 595 3292 probatiorem
609 3221 617 3264 ε
631 3196 784 3289 posthoc
796 3183 948 3290 ingratus
964 3220 1053 3284 sum,
1068 3198 1094 3265 si
1110 3194 1215 3290 lacry-

165 3344 237 3388 mas
258 3333 332 3388 tuos
356 3333 498 3402 transeo.
521 3319 705 3404 Praeterea,
726 3313 812 3383 lalus
832 3339 932 3383 omne
953 3314 1075 3384 divinae
1095 3315 1215 3385 domus

165 3461 297 3532 semper
319 3438 482 3508 demereri
505 3462 567 3531 pro
591 3461 666 3505 mea
690 3433 921 3504 mediocritate
941 3435 1115 3521 connitor3
1137 3461 1214 3505 nam

165 3559 225 3652 qui
240 3559 331 3628 hona
347 3557 412 3627 fide
428 3561 518 3627 Deos
535 3556 630 3644 colit,
647 3569 735 3624 amat
752 3543 783 3623 ei
801 3553 999 3624 sacerdotes.
1017 3555 1082 3624 Sed
1099 3579 1216 3648 quem·

166 3681 215 3748 vis
231 3663 422 3774 propioreni
438 3702 561 3747 nexum
577 3678 731 3746 amicitie
746 3691 811 3746 tuae
822 3675 1024 3771 jampridem
1041 3700 1214 3770 cuperem,

164 3798 297 3870 mallem
323 3816 433 3870 tamen
456 3799 606 3869 nondum
629 3787 848 3867 intervenisse
874 3787 1046 3867 materiam
1051 3850 1211 3866 ......

568 4011 685 4078 (Reliqua
702 4011 813 4092 desunt.)
