3192 5148
144 513 228 568 aa..)
487 502 682 565 sursera
701 503 810 560 maen
830 504 853 558 1.
1161 519 1196 574 ts

144 632 259 718 Lusit,
276 643 309 698 et
324 653 611 700 enormesmanua
628 643 676 698 est
693 639 829 724 experta
842 626 996 697 eolossos.

62 827 68 833 ,
145 751 239 818 Dum
255 773 358 844 vagor
374 763 509 843 aspectu
514 801 525 835 ,
540 749 695 841 visusque
709 747 896 842 peremnia
911 747 1013 835 duco,

146 867 325 938 Calcabam
342 894 403 938 nec
417 869 538 962 opinus
552 892 634 961 opes
651 894 660 936 τ
678 891 757 938 nam
773 867 931 962 splendor
945 868 987 936 ab
1002 865 1071 935 alto

145 989 304 1074 Defluus,
319 1001 351 1056 et
368 987 512 1057 nitidum
528 987 708 1058 reserentes
724 1011 802 1056 aera
816 975 906 1056 testae

145 1109 379 1176 Monstravere
392 1106 518 1194 solum;
534 1107 642 1176 varias
658 1107 715 1175 ubi
731 1107 821 1201 pieta
837 1131 899 1200 per
912 1119 999 1174 artes

146 1225 283 1295 Gaudet
297 1223 419 1296 humus
434 1231 592 1321 superare
606 1228 702 1299 novis
717 1241 848 1296 asarota
863 1225 988 1321 figuris.

146 1349 321 1440 Expavere
336 1346 467 1443 gradus.
486 1347 581 1438 Quid
596 1372 688 1418 nunc
702 1348 851 1442 ingentia
867 1348 982 1434 mirer,

147 1465 219 1535 Aut
234 1467 317 1560 quid
332 1468 462 1561 partitis
477 1466 633 1536 distantia
643 1479 735 1536 taeta
751 1465 930 1536 etichonis?

147 1586 241 1674 Quid
257 1600 310 1674 te,
325 1611 399 1681 quae
414 1585 532 1660 mediis
547 1601 677 1658 serrata
694 1587 888 1681 penatibus,
902 1587 1013 1673 arbor,

145 1709 249 1775 Tecta
263 1731 323 1800 per
339 1721 372 1775 et
389 1721 500 1801 postes
514 1707 657 1800 liquidas
673 1708 815 1802 emergis
831 1709 868 1776 in
884 1706 1005 1775 auras?

146 1827 228 1913 Quo
243 1852 312 1895 uon
329 1827 390 1896 sub
408 1827 546 1898 domino
562 1851 663 1896 saevas
678 1851 814 1920 passura
828 1827 1011 1920 bipennes?

147 1949 190 2014 Et
205 1971 297 2015 nune
313 1947 437 2042 ignare
453 1946 568 2018 saman
580 1945 632 2016 vel
647 1944 776 2016 lubrica
789 1949 887 2033 Nais,

147 2063 210 2133 Vel
230 2090 297 2154 non
313 2067 474 2162 abruptos
491 2068 555 2138 tibi.
567 2065 666 2134 debet
679 2065 887 2158 Hamadryas
903 2091 1018 2135 annos.
1083 2095 1084 2100 ¹

147 2184 244 2273 Quid
258 2185 400 2254 reseram
416 2183 562 2256 alternas
578 2187 712 2281 gemino
726 2209 828 2279 super
844 2209 965 2279 aggere
979 2187 1159 2280 nymphas,

150 2301 376 2400 albentesque
392 2303 502 2392 lacus,
519 2302 670 2398 altosque
685 2306 723 2374 in
735 2305 867 2400 gurgite
882 2303 1015 2374 fontes?

148 2427 263 2518 Teque
279 2449 339 2519 per
354 2422 530 2519 obliquum
545 2426 679 2518 penitus
696 2449 769 2518 quae
784 2422 906 2494 laberis
921 2448 1071 2512 amnem,

148 2542 292 2631 Marcia,
309 2558 343 2612 et
358 2543 477 2616 audaci
493 2545 693 2614 transcurris
706 2543 846 2613 flumina
861 2541 1019 2638 plimabo?

148 2663 229 2732 Non
246 2660 354 2732 solum
370 2665 474 2734 laniis
491 2665 552 2732 sub
567 2663 726 2733 fluetibus
739 2662 845 2732 Elidis
859 2689 993 2733 amnem

149 2781 267 2855 Dulcis
283 2783 324 2853 ad
333 2787 486 2858 ‚tEtnaeos
501 2783 640 2854 deducit·
650 2784 767 2852 semita
782 2798 909 2876 portus.

149 2899 221 2971 Illis
239 2903 309 2996 ipse
325 2904 430 2976 antris
444 2904 596 2974 Auienus
611 2899 856 2986 femoralium,

150 3023 259 3091 Nocte
275 3023 337 3090 sub
352 3045 474 3093 arcana
489 3021 626 3118 glaucos
640 3035 759 3092 erutus
773 3022 933 3104 eminuas,

150 3145 225 3210 Huc
242 3139 322 3210 illue
337 3140 447 3237 fragili
463 3141 645 3236 prosternit
660 3153 796 3236 pectora
811 3166 927 3212 museo
944 3167 952 3208 ε

150 3265 221 3332 Aut
236 3263 355 3358 ingens
371 3263 407 3330 in
422 3275 539 3358 stagna
555 3261 660 3348 eadit,
676 3261 865 3355 vitreasque
878 3275 995 3330 natatu

150 3381 286 3452 Plaudit
301 3407 404 3478 aquas
420 3410 428 3453 :
447 3379 505 3452 illa
518 3383 656 3452 recubat
671 3383 843 3452 Tiburnus
857 3383 893 3450 in
908 3381 1042 3466 umbra,

150 3501 225 3572 lllie
241 3499 407 3594 sulfureos
421 3504 515 3596 cupit
531 3499 656 3572 Albula
669 3526 820 3596 mergere
835 3503 953 3571 crines.

151 3627 229 3691 Haec
246 3622 385 3710 domus,
402 3622 542 3717 Egeriae
556 3619 761 3692 nemoralem
774 3622 957 3716 abjungere
972 3621 1136 3706 Phoeben,

150 3743 194 3812 Et
208 3742 383 3836 Dryadum
397 3741 537 3814 viduare
552 3741 664 3812 choris
679 3739 825 3835 algentia
839 3741 942 3835 possit

150 3863 313 3957 Taygeta,
332 3876 365 3932 et
381 3859 473 3958 silvis
488 3885 651 3932 arcessere
665 3863 760 3930 Pana
771 3861 906 3954 Lyeaeis.

150 3981 253 4070 Quod
270 3983 305 4050 ni
324 3979 448 4076 templa
462 3981 581 4052 darent
596 3979 678 4050 alias
693 3981 868 4075 Tirynthia
884 3996 1004 4068 sortes,

151 4105 193 4171 Et
207 4103 418 4172 Praenestinae
434 4115 591 4197 poterant
606 4103 751 4198 migrare
765 4127 903 4171 sorores.
964 4144 967 4150 ·

1026 4249 1056 4290 2·
1112 4237 1128 4254 κ
