3172 5142
400 429 456 490 ιε,
490 443 498 454 ·
708 433 921 492 runnunos
941 435 1052 493 nmen
1073 435 1125 493 nt
1333 433 1455 501 (ιω.)

399 558 495 628 Solus
511 558 582 646 abi,
599 559 737 630 miseros
755 583 823 630 non
841 559 1021 655 decepture
1038 572 1206 658 parentes.

397 677 441 748 Di
458 678 560 766 bene,
579 675 670 772 quod
690 705 821 774 pugnas
838 681 993 774 rapidum
1014 680 1136 776 dejecit
1156 681 1190 747 in
1214 703 1348 748 amnem

397 799 584 893 Sanguinea
601 797 739 868 Bellona
754 825 857 869 manu
873 823 882 868 ε
900 801 1004 869 trahit
1020 797 1115 870 unda
1133 801 1288 867 timentes

398 920 544 1012 Gurgite
563 918 698 1014 gentili,
715 918 807 989 nuda
827 944 889 989 nec
908 919 1028 989 flebilis
1045 920 1167 989 umbra

397 1036 561 1108 Stridebit
577 1053 705 1108 vestros
722 1039 854 1134 Tydeus
872 1039 1068 1109 inhumatus
1086 1037 1129 1107 ad
1150 1039 1255 1134 ignes.

343 1169 345 1177 '
396 1159 492 1228 Ibitis
505 1161 672 1252 aequoreis
692 1157 839 1228 crudelia
859 1158 984 1253 pabula
1002 1159 1179 1228 monstris:

396 1277 497 1349 Illum
514 1295 603 1350 terra
622 1280 731 1370 vehit,
747 1305 875 1374 suaque
896 1281 931 1349 in
952 1279 1136 1375 primordia
1153 1277 1261 1348 solvit
1276 1307 1293 1341 n

446 1401 503 1470 Sic
521 1401 644 1496 premit
663 1400 840 1489 adversos,
857 1415 891 1469 et
907 1401 1042 1470 acerbat
1063 1397 1203 1469 vulnera
1217 1399 1325 1468 dictis.

397 1521 445 1588 tc
462 1543 553 1590 nunc
569 1545 647 1590 ense
663 1521 760 1608 firrit,
782 1545 873 1590 nunc
891 1519 956 1590 tela
972 1521 1122 1590 natantia
1141 1534 1277 1614 raptans

396 1640 524 1735 Ingerit
538 1665 546 1708 :
562 1641 713 1734 innuptae
732 1644 889 1710 comitem
902 1643 1060 1710 Therona
1078 1641 1214 1727 Dianae,

396 1759 660 1855 Ruricolamque
678 1765 796 1857 Gyan,
814 1787 892 1832 cum
908 1763 1091 1858 fluctivago
1109 1763 1255 1857 Ergino,

350 1895 353 1902 '
395 1883 639 1974 intonsumque
656 1885 802 1971 Hersen,
821 1860 1132 1976 contemtoremque
1147 1881 1306 1977 profundi

396 2001 559 2088 Crethea,
579 2003 766 2072 nimbosam
786 2005 843 2097 qui
862 2028 948 2102 saepe
965 2003 1289 2098 Caphereosarcem

395 2121 631 2218 Euboicasque
647 2121 772 2192 hiemes
791 2148 896 2218 parva
915 2122 1143 2219 translitgerat
1159 2121 1249 2192 alno.

397 2241 491 2330 Quid
509 2267 578 2312 non
597 2242 667 2312 sata
686 2243 834 2337 queant?
853 2244 1012 2340 trajectus
1031 2259 1168 2339 pectora
1186 2241 1275 2312 ferro

395 2360 555 2432 Volvitur
574 2365 608 2432 iu
627 2363 747 2434 fluctus
763 2390 770 2432 :
789 2366 855 2434 beu
870 2365 965 2460 cujus
979 2364 1164 2460 naufragus
1182 2361 1299 2432 undoe!

444 2485 492 2552 Te
509 2508 644 2578 quoque
665 2483 800 2554 sublimi
818 2499 1051 2555 transnantem
1067 2485 1208 2554 flumina
1226 2508 1350 2564 curru,

396 2605 487 2670 Dum
506 2605 632 2692 socios,
649 2602 828 2692 Pharsale,
845 2605 950 2698 petis,
969 2605 1143 2698 resupinat
1162 2603 1303 2672 ademtis

395 2723 521 2792 Dorica
541 2726 652 2819 cuspis
666 2726 760 2818 equis
776 2750 783 2792 ε
798 2722 873 2794 illos
891 2723 1049 2794 violentia
1065 2725 1141 2793 saevi

395 2845 567 2938 Gurgitis,
588 2843 768 2938 infelixque
785 2846 860 2941 jugi
878 2844 1058 2915 concordia
1078 2846 1212 2940 mergit.
1552 2889 1553 2922 r

443 2963 545 3034 Nunc
563 2989 642 3060 age,
663 2965 737 3060 quis
754 2963 891 3034 tumidis
909 2990 1069 3061 magnum
1083 2966 1326 3059 expugnaverit
1347 2966 1443 3034 undis
1552 2955 1553 3000 3

394 3083 670 3178 Hippomedonta
687 3082 799 3173 labor,
818 3109 879 3154 cur
896 3086 967 3179 ipse
981 3085 1109 3153 excitus
1127 3085 1163 3152 in
1183 3108 1276 3152 arma

393 3208 564 3290 Ismenos,
586 3204 693 3274 doctae
713 3229 810 3280 nosse
829 3203 1002 3300 indulgete
1021 3228 1175 3274 sorores:

393 3325 552 3392 Vestrum
568 3349 653 3419 opus
672 3325 721 3394 ire
738 3339 848 3412 retro,
868 3340 902 3394 et
918 3326 1048 3394 senium
1067 3323 1243 3394 defendere
1262 3323 1370 3394 farnae.

442 3441 623 3513 Gaudebat
641 3448 757 3513 Fauno
775 3445 991 3540 nymphaque
1007 3443 1174 3514 Ismenide
1194 3461 1292 3514 natus

391 3564 555 3632 Maternis
572 3561 697 3632 bellare
711 3578 805 3634 tener
817 3567 975 3635 Crenaeus
993 3567 1028 3634 in
1048 3564 1171 3634 undis:

392 3685 570 3772 Crenaeus,
592 3685 646 3752 cui
663 3685 773 3778 prima
789 3683 860 3753 dies
879 3686 914 3753 in
931 3685 1062 3778 gurgite
1078 3683 1163 3772 fido,

392 3806 436 3872 Et
456 3800 568 3872 natale
584 3803 727 3893 vadum,
745 3819 780 3873 et
795 3803 919 3874 virides
937 3803 1105 3874 cunabula
1120 3807 1211 3900 ripae.

391 3925 483 4017 Ergo
500 3935 593 3991 ratus
611 3922 695 3992 nibil
712 3921 841 4020 Elysias
859 3925 906 3994 ibi
923 3949 1021 4021 posse
1037 3949 1184 4009 sorores,

390 4046 502 4112 Laetus
522 4041 714 4113 adulantem
735 4069 825 4116 nunc
844 4044 909 4114 hoc
928 4070 1018 4116 nuuc
1036 4045 1189 4139 margine
1209 4043 1251 4112 ab
1273 4043 1332 4114 illo
