3094 5140
97 497 133 555 (v.
150 493 203 555 ⁵⁵.)
394 563 398 570 ι
424 486 640 543 rnsnsrnos
661 485 771 543 nnsn
793 485 844 542 xr.

95 621 195 690 Sicut
209 631 282 686 erat
297 641 305 684 :
326 614 412 709 fugit
425 615 460 683 in
473 637 595 683 vacuos
604 612 677 706 jam
691 613 830 707 spiritus
845 596 969 701 aures,

95 746 174 810 Jom
194 735 303 834 gelida
323 761 382 806 ora
401 749 534 824 tacent;
552 757 689 804 carmen
709 733 789 803 tulis
811 730 883 802 sola
904 734 1042 828 peregit.

149 866 290 955 Jamque
308 874 428 954 potens
441 854 626 943 scelerum,
643 857 849 951 geminaeque
867 857 1011 926 exercito
1028 857 1135 952 gentis

97 985 287 1080 Sanguine,
303 981 488 1075 Tisiphone
507 978 654 1048 fraterno
669 976 804 1048 cludere
822 979 941 1073 querit

99 1103 197 1174 Bella
212 1103 296 1173 tubo
312 1127 320 1169 ε
342 1125 405 1171 nec
422 1125 457 1170 se
477 1114 571 1169 tanta
586 1100 621 1168 in
636 1099 820 1172 certamino
835 1114 929 1176 retur

99 1226 281 1312 Sufficeoe,
301 1222 432 1292 inferna
447 1221 603 1292 comitem
624 1222 660 1290 ni
677 1219 754 1290 sede
767 1224 967 1316 Megaeram,

100 1351 148 1417 Et
167 1346 433 1440 consanguineos
453 1343 488 1412 in
509 1340 628 1438 proelis
649 1343 787 1412 suscitet
807 1365 944 1438 angues.

7 1519 9 1542 f
101 1473 194 1563 Ergo
212 1466 332 1563 procul
351 1489 456 1535 vacua
473 1463 625 1534 consedit
641 1463 744 1552 valle,
765 1462 941 1559 solumque

101 1593 192 1658 Ense
212 1587 298 1658 fodit
316 1588 453 1682 Stygio,
475 1599 639 1679 terraque
657 1586 896 1656 immurmurat
917 1585 1035 1655 absens

103 1711 253 1796 Nomen,
273 1723 325 1792 et,
344 1705 467 1800 Elysiis
485 1708 620 1802 signum
640 1703 861 1782 indubitabile
876 1708 1010 1804 regnis,

104 1828 276 1900 Crinalem
297 1827 422 1899 attollit
441 1827 543 1924 longo
561 1827 704 1898 stridore
722 1843 883 1898 cerasten.

103 1947 264 2020 Caeruleae
283 1949 352 2018 dux
370 1947 426 2018 ille
447 1973 569 2038 oomae,
588 1972 657 2043 quo
674 1951 829 2044 protinus
845 1951 956 2018 omnis
987 1993 992 2000 ·

104 2072 246 2140 Horruit
265 2069 381 2140 audito
401 2067 522 2158 tellus,
540 2083 747 2164 pontusque,
768 2067 952 2166 polusque,

104 2195 149 2262 Et
162 2207 258 2287 pater
271 2193 418 2290 AEtneos
435 2191 558 2260 iterum
575 2191 750 2285 prospexit
765 2189 808 2260 od
825 2193 929 2288 ignes.

155 2314 287 2408 Accipit
303 2310 362 2382 illa
377 2337 498 2384 sonum
514 2338 522 2380 :
543 2311 656 2382 stabnt
669 2327 751 2386 tuno
767 2311 855 2394 sorte
868 2315 1001 2408 parenti

105 2434 279 2517 Proximo,
298 2432 380 2504 dum
398 2449 488 2504 coetu
504 2437 682 2529 Capaneus
700 2431 857 2503 laudatur
874 2436 916 2504 ab
933 2436 1026 2510 omni

104 2554 210 2643 Ditis,
225 2569 259 2624 et
272 2555 439 2656 insignem
458 2554 583 2650 Stygiis
598 2554 690 2624 fovet
703 2555 861 2625 smnilrus
875 2555 1041 2625 umbram.

105 2676 264 2752 Protinus
283 2676 431 2770 obrupto
449 2690 618 2755 terrerum
640 2674 728 2747 mole
748 2677 815 2747 sub
830 2677 931 2747 nstris

106 2797 289 2885 Constitit,
309 2795 461 2871 exultant
476 2799 615 2885 Mones,
633 2811 865 2893 quantumque
879 2797 1055 2893 prollrnde

106 2922 296 2988 Rarescunt
313 2919 477 3007 tenebrae,
496 2932 628 2988 tantum
642 2917 684 2987 de
703 2916 779 2988 luco
792 2920 938 2992 recessit.

106 3041 241 3135 Excipit
257 3055 332 3110 atro
347 3064 456 3131 soror,
473 3039 664 3134 dextroque
679 3040 799 3112 innexa
816 3039 992 3135 profatur:

157 3189 174 3224 α
187 3163 433 3260 Hac'germsnn
453 3175 551 3230 tonus
569 3161 677 3256 Stygii
695 3159 876 3229 metuendo
892 3162 1042 3255 porentis

107 3282 266 3375 Imperia,
282 3296 316 3351 et
329 3283 439 3376 jussos
453 3283 551 3376 potui
568 3279 711 3350 tolerare
725 3280 879 3368 furores,

107 3397 187 3470 Sola
202 3425 303 3495 super
318 3417 440 3489 terras,
462 3400 643 3496 hostilique
659 3401 761 3470 obvia
775 3399 923 3489 mundo,

106 3526 197 3592 Dum
216 3548 275 3592 vos
290 3520 442 3618 Elysium
462 3539 497 3594 et
516 3521 630 3593 faciles
650 3523 862 3618 compescitis
882 3503 1028 3594 umbras.
1142 3511 1144 3516 ⁸

106 3646 179 3713 Nec
198 3645 344 3739 pretium
362 3644 513 3716 deforme
529 3670 648 3730 morte,
668 3645 821 3738 cassique
835 3643 975 3716 labores.

107 3767 180 3833 Hoc
191 3763 416 3860 quodcunque
426 3764 565 3836 madent
576 3765 704 3860 compi,
717 3763 809 3859 quod
819 3767 983 3861 sunguine
995 3766 1124 3837 fumant

107 3886 253 3978 Stagna,
272 3884 365 3979 quod
385 3887 566 3968 innumero
585 3886 720 3954 Lethon
739 3887 892 3955 examine
907 3886 1031 3984 gaudet

43 4101 46 4110 A
107 4004 215 4097 Ripa,
235 4030 316 4075 meae
336 4008 441 4106 vires,
461 4031 535 4076 mea
553 4004 627 4076 leta
645 4007 791 4102 insignis
807 4031 816 4079 ι
835 4007 894 4077 sed
911 4008 995 4103 quid

107 4125 186 4194 llaec
206 4125 403 4220 egollllors
423 4128 559 4222 hahent,
579 4127 783 4223 vulgataque
792 4129 898 4222 jactet
912 4131 1017 4223 Enyo.

1101 503 1156 557 ²⁰7
