3200 5142
159 544 191 606 l'·
206 546 272 605 173.)
464 546 679 603 THEBAIDOS
701 549 810 604 LIBER
833 549 899 638 ΙΙΙ.1
1150 551 1207 606 225

158 671 315 766 Phyllea3
332 674 619 770 sanguineumque
641 673 755 745 lavant
770 680 954 747 Acamanta
972 701 1112 748 sorores.

207 797 305 864 Tunc
323 794 412 864 ferro
429 809 585 891 retegunt
601 794 716 885 silvas,
734 794 894 892 collisque
912 801 1094 894 propinqui

162 919 334 984 Annosum
355 929 514 984 truncant
533 918 680 1011 apicem,
700 919 758 1011 qui
777 920 929 988 conscius
946 921 1028 988 actis

158 1037 295 1124 Noctis,
316 1051 350 1105 et
369 1019 510 1131 inspexit
529 1040 698 1132 gemitus:
717 1039 763 1106 ihi
785 1039 944 1134 grandior
962 1065 1032 1110 aevo

158 1161 246 1228 Ante
265 1182 379 1252 rogos,
401 1156 482 1228 dum
503 1160 645 1253 quisque
666 1184 727 1229 suo
745 1163 862 1255 nequit
883 1160 1093 1256 ignererelli

161 1275 350 1347 Concilium
370 1278 550 1348 infaustum
570 1278 668 1349 dictis
687 1279 856 1350 mulcebat
874 1279 1032 1352 Alethes:
1085 1333 1094 1354 1

141 1453 149 1472 .
209 1402 330 1492 «Saepe
346 1398 483 1492 quidem
504 1399 634 1484 infelix,
649 1401 810 1494 varioque
827 1403 971 1471 exercita
989 1401 1084 1504 ludp

161 1524 319 1590 Fatorum
337 1545 418 1613 gens
433 1536 547 1590 nostra
567 1522 655 1607 ruit,
673 1520 829 1590 Sidonius
850 1546 888 1589 ex
907 1547 974 1614 quo

157 1643 288 1734 Hospes
305 1640 338 1708 in
360 1641 486 1710 Aonios
501 1640 580 1734 jecit
598 1656 668 1710 sata
686 1642 791 1710 ferrea
811 1639 938 1728 sulcos,

161 1758 257 1830 Unde
276 1760 488 1858 nominatus,
509 1776 542 1832 et
559 1760 736 1830 formidata
754 1761 880 1831 colonis

157 1884 247 1952 Arva
265 1881 333 1950 suis
349 1907 356 1950 :
372 1879 429 1950 sed
446 1901 507 1950 nec
524 1882 645 1952 veteris
660 1907 765 1976 quum
784 1883 876 1976 regia
892 1883 1011 1952 Cadmi

156 1999 368 2071 Fulmineum
387 2003 422 2071 in
442 2004 587 2072 cinerem
605 2005 741 2072 monitis
754 2005 896 2072 Junonis
917 2005 1040 2096 iniquae

157 2123 337 2211 Consedit,
357 2148 466 2218 neque
481 2124 620 2193 funerea
641 2148 746 2216 quum
765 2123 864 2193 laude
884 2125 1012 2219 potitus
1050 2201 1054 2210 ¹

155 2243 275 2312 Infelix
294 2244 451 2313 Athamas
471 2243 602 2339 trepido
614 2243 664 2311 'de
683 2258 797 2312 monte
818 2246 969 2328 veniret,

155 2365 389 2433 Semianimem
406 2366 472 2434 heu
492 2363 567 2434 laeto
583 2365 729 2433 referens
749 2364 894 2434 clamore
912 2353 1122 2456 learclmm3

155 2488 219 2555 Hic
238 2489 381 2581 gemitus
397 2486 520 2556 Thebis
536 2513 544 2556 :
560 2513 622 2572 nec
638 2502 790 2581 tempore
805 2486 934 2572 clarius
947 2485 1005 2557 illo

153 2606 332 2676 Phoenissae
351 2633 493 2678 sonuere
513 2607 652 2696 domds‚
674 2632 780 2704 quum
802 2609 894 2694 lassa,
904 2610 1052 2680 furorem

151 2729 261 2817 Vicit,
280 2743 314 2796 et
329 2729 370 2798 ad
384 2731 543 2800 comitum
563 2728 724 2824 lacrymas
745 2733 876 2825 expavit
897 2707 1020 2826 Agave.

150 2851 229 2918 Una
247 2847 316 2918 dies
334 2849 450 2918 similis
468 2851 537 2919 sato
555 2853 730 2946 specieque
747 2833 912 2920 malorum

149 2973 258 3062 AEqua
278 2969 360 3054 fuit,
382 2996 447 3063 qua
467 2971 699 3066 magniloquos
717 2971 780 3040 luit
794 2955 900 3068 impia
921 2973 1018 3044 llatus

147 3089 315 3180 Tantalis,
333 3092 516 3180 innumeris
537 3118 643 3186 quum
664 3094 865 3163 circumfusa
886 3093 992 3164 ruinis

147 3215 301 3305 Corpora
318 3227 368 3283 tot
388 3229 521 3307 raperet
537 3228 647 3302 terra,
668 3229 719 3285 tot
738 3230 900 3310 quaereret
921 3218 1022 3311 ignes.

197 3331 315 3403 «Talis
332 3349 403 3403 erat
422 3333 519 3434 vulgi⁴
532 3349 655 3423 status,
673 3338 771 3406 etsie
791 3337 875 3406 urbe
893 3335 1005 3406 relicta

145 3454 367 3548 Primaevique
389 3481 572 3551 senesque,
591 3471 625 3526 ct
641 3456 744 3551 longo
762 3458 913 3527 examine
929 3472 1052 3527 matres

144 3571 312 3642 Invidiam
329 3574 487 3670 planxere
504 3578 601 3665 Deis,
618 3578 808 3672 miseroque
826 3577 975 3648 tumultu

144 3699 227 3766 Bina
248 3722 308 3792 per
325 3699 476 3794 ingentes
498 3699 668 3794 stipabant
683 3698 808 3783 funera,
818 3714 941 3794 portas.

144 3821 267 3912 Meque
282 3821 415 3913 ipsum,
434 3797 571 3890 memini
589 3820 762 3918 [necdum
776 3836 856 3916 apta
873 3819 1045 3891 doloribus
1060 3821 1156 3915 aetas)
1216 3892 1220 3899 ,

141 3939 253 4010 Flesse
270 3927 403 4032 tamen,
423 3944 618 4038 gemituque
634 3969 727 4014 meos
745 3967 893 4038 aequasse
909 3959 1074 4038 parentes.
1102 3919 1105 3928 ¹

141 4058 202 4130 Illa
223 4078 335 4132 tamen
354 4067 499 4159 Superi:
517 4090 578 4136 nec
595 4065 687 4160 quod
709 4066 784 4154 tibi,
806 4065 918 4155 Delia,
937 4079 1046 4134 castos

139 4181 339 4278 Prolapsum
358 4185 405 4274 ad
422 4187 550 4276 fontes,
570 4185 707 4282 specula
727 4201 913 4258 temerante
931 4186 1089 4281 profana,

262 4332 285 4376 1,
574 4329 579 4340 “
988 4333 997 4376 Ι
1008 4329 1027 4374 ξ)
