3080 5136
280 507 320 562 ΙΝ
342 507 372 562 Ρ.
393 509 424 561 Ρ.
445 507 568 563 sumt
590 507 698 565 Tune.
722 509 793 564 Lm.
816 511 896 566 Vlll.
1056 509 1111 567 323

107 625 237 682 Coroebus
250 621 288 700 (v.
305 619 384 700 569).
400 623 492 692 Codd,
513 641 573 680 non
586 624 691 698 pauci:
709 625 870 698 Corymbus.
887 627 921 680 Et
936 645 962 680 v.
983 643 1043 701 neq.
1052 647 1112 702 po·-

61 719 124 774 siue
141 713 310 796 (dispositis)
325 733 381 790 pro
396 717 558 789 respectu...
573 719 666 774 meni.

108 811 195 885 Cupit
206 811 256 864 ille
269 821 365 864 tamen
381 805 421 885 (v.
438 805 519 886 552).
536 811 592 866 ΜΒ
606 829 614 864 :
633 833 648 862 ι
663 811 705 865 ine
720 820 825 868 temen.
840 835 852 861 e

110 913 305 987 iynijuvenie
319 911 359 992 (v.
376 912 435 972 556
456 913 521 992 sq).
544 939 556 966 α
572 915 654 972 Licet
669 917 784 991 Cyrrhae
801 916 959 985 habitaret,
978 915 1115 972 educatus

62 1019 158 1064 umen
177 1017 240 1062 erat
255 1005 378 1076 Thebis,
391 1007 476 1084 regiae
496 1006 632 1064 videlicet
647 1009 751 1082 puelle
773 1027 931 1084 sponsus.»
954 1009 1054 1064 Guose.
1075 1040 1094 1049 -

61 1101 163 1156 Paullo
181 1108 249 1172 post
262 1098 416 1172 legendum
429 1111 574 1154 anomaeus
596 1118 651 1174 pro
668 1101 792 1168 advers„
809 1100 917 1156 etiamsi
934 1099 1006 1154 nulli
1026 1099 1112 1155 codd.

61 1191 216 1260 haherent;
235 1189 286 1245 sed
300 1202 341 1246 est
357 1190 386 1245 in
409 1191 506 1248 multis
528 1203 557 1248 et
580 1192 610 1246 in
627 1201 695 1248 vett
721 1192 787 1248 edd.
807 1191 920 1248 Mireris
939 1191 1058 1246 alterum
1077 1190 1115 1246 ad

60 1283 237 1339 hodiernum
252 1281 329 1338 diem
342 1283 374 1338 in
388 1283 454 1342 edd.
473 1284 552 1340 ferri.
937 1291 942 1296 '

105 1382 148 1430 Ac
157 1376 282 1448 pninurn
286 1373 397 1447 faciles
414 1387 563 1450 grassatus
579 1374 618 1454 (v.
634 1375 713 1452 571).
728 1378 805 1452 Lege
824 1393 858 1432 ex
873 1377 927 1432 ΜΒ
943 1397 949 1431 :
966 1376 1115 1450 «primum

62 1469 94 1522 in
107 1467 238 1524 faciles.»

106 1557 315 1632 Infiendentem
331 1560 400 1614 aliis
422 1562 552 1635 aliosque
566 1573 728 1636 sequentem
742 1557 781 1637 (v.
800 1557 877 1637 580).
898 1562 974 1616 Bene
994 1562 1086 1616 Glose.
1108 1581 1115 1615 z

61 1675 78 1702 ι
87 1653 149 1708 llos
163 1651 377 1726 insequentem,
392 1650 442 1728 qui
455 1653 609 1727 propiores
626 1663 721 1724 erum,
735 1652 797 1709 eliis
819 1652 1046 1723 infrendentem,
1064 1652 1115 1728 qui

59 1741 281 1822 longinquiores
294 1754 324 1800 et
337 1763 413 1819 quos
425 1745 566 1820 attingere
581 1763 642 1802 non
655 1755 778 1820 poterat.
796 1769 808 1794 u

105 1851 209 1906 Varias
233 1870 270 1908 m.
292 1869 420 1906 sermone
446 1854 575 1927 querelas
597 1849 637 1930 (v.
668 1851 874 1928 610).Meliue
898 1853 951 1906 ΜΒ
980 1863 1009 1906 et
1034 1851 1082 1908 alii
1105 1873 1111 1906 :

60 1961 153 1998 uano.

104 2035 207 2090 Misen'
222 2035 366 2090 cunctatio
379 2037 441 2091 uoti
451 2032 491 2116 (v.
507 2031 588 2114 614).
604 2037 658 2090 ΜΒ
672 2055 679 2088 :
695 2035 786 2102 mitti,
802 2053 882 2104 vere3
896 2053 923 2088 v.
941 2035 1034 2090 Barth.

103 2129 145 2183 Ee
156 2139 281 2184 numum
294 2125 334 2206 (v.
349 2125 428 2206 620).
451 2127 651 2203 llejiciendum
668 2129 745 2185 duco
769 2127 851 2201 quod
870 2127 994 2199 conjecit
1012 2127 1115 2184 Marii.

60 2220 104 2274 aa
120 2219 202 2275 Sin..
217 2239 246 2290 v,
265 2219 365 2290 =,al.5
381 2223 451 2276 :ult
466 2231 500 2276 tr.
516 2231 544 2277 et
559 2219 588 2276 fl.
602 2239 732 2277 murmur
749 2240 755 2274 :
771 2221 869 2276 Verba
883 2230 1016 2292 putant.»

105 2327 266 2381 Ductorem
278 2344 362 2381 sensu
382 2323 419 2400 (v.
443 2325 522 2404 627).
539 2327 747 2400 aCogitetione
765 2325 987 2384 admitterem·
1006 2325 1115 2382 Reum.

60 2419 119 2474 Sed
131 2437 201 2476 vera
215 2417 331 2476 videtur
343 2418 487 2492 scriptura
501 2419 531 2474 in
553 2421 606 2475 Mil
620 2431 737 2494 reperta
756 2440 762 2474 :
781 2445 793 2472 ι
807 2429 979 2490 macarem,
996 2420 1074 2474 sensi
1091 2431 1118 2474 et

61 2511 102 2584 (p.
117 2509 202 2590 heul)
217 2511 361 2568 connubia
373 2511 467 2570 vidi..

103 2604 257 2660 Deciuiuure
273 2621 364 2680 genas
379 2601 417 2678 (v.
434 2600 513 2680 554).
529 2626 545 2654 ι
555 2602 697 2659 Claudere
712 2604 819 2658 oeulos.
832 2627 844 2651 u
859 2605 959 2658 Gnoss.
979 2603 1015 2658 Et
1027 2620 1110 2676 genre

62 2695 164 2752 itidem
176 2714 232 2769 pro
246 2695 394 2772 palpebris
407 2713 494 2769 eupra
509 2713 536 2750 v.
555 2693 629 2764 436,
645 2706 673 2750 et
687 2694 764 2770 apud
778 2693 901 2750 Ennium
917 2715 923 2749 :

167 2876 286 2938 Pandite,
300 2877 373 2938 sulti,
386 2839 459 2943 penu
473 2887 497 2928 et
512 2877 585 2927 eorde
600 2875 731 2942 relinquite
745 2891 862 2926 somnum.

59 3085 100 3128 7·
110 3053 175 3126 seq.
190 3071 217 3108 v.
235 3052 300 3109 edd.
321 3061 389 3110 vett.
406 3064 434 3108 et
452 3052 583 3108 codicum
602 3070 677 3108 unua
694 3051 801 3106 alterve
818 3068 825 3104 ε
841 3051 871 3103 in
888 3051 1006 3102 uulnera
1013 3045 1113 3118 findit,

60 3155 175 3200 temere.

102 3237 267 3294 Contentum
281 3238 387 3293 ubir‘sse
399 3239 542 3311 Mycenas
561 3234 600 3314 (v.
622 3233 702 3312 671).
717 3235 784 3290 Non
798 3243 955 3289 contentum
974 3232 1022 3287 illa
1037 3231 1113 3288 cade

60 3329 271 3406 quinquaginta
291 3329 513 3398 Thebanorum,
539 3329 590 3386 sed
612 3328 731 3384 omnino
753 3327 839 3403 gestis
861 3326 918 3382 suis
944 3327 1054 3395 laetum,
1081 3333 1115 3378 ut

59 3443 106 3494 ιι,
126 3422 163 3481 ad
184 3444 189 3478 :

169 3640 174 3652 .
192 3639 198 3651 .
215 3637 221 3651 .
238 3637 245 3651 .
261 3605 295 3652 Ut
310 3617 384 3668 quum
399 3593 502 3669 hlmyla
518 3621 561 3670 per
576 3620 632 3653 urta

169 3685 279 3737 dementi
295 3701 362 3752 regu
377 3701 465 3752 magno
480 3687 518 3738 leo
534 3687 605 3751 fregit
621 3687 700 3746 hiatu,

168 3775 198 3821 Et
212 3779 338 3840 mntenrus
353 3769 411 3820 ubit.

103 3959 157 4013 Ubi
175 3963 274 4033 ingens
294 3957 332 4035 (v.
349 3955 430 4032 689).
452 3959 526 4013 Rene
549 3955 643 4028 major
659 3975 795 4012 numerus
815 3953 901 4012 eodd.
924 3953 1083 4026 meliorque
1103 3973 1109 4006 ε
1132 4001 1136 4008 .

59 4051 132 4106 «Ibi
144 4050 258 4125 ingene,
272 4075 285 4102 ι
299 4061 365 4107 ante
380 4069 444 4125 quer
457 4051 543 4106 verbe
559 4050 643 4123 plene
656 4047 897 4123 distinguendum.

102 4144 230 4202 Arceeab
245 4163 389 4219 uppremo
406 4142 445 4221 (v.
467 4141 547 4221 693).
567 4145 621 4198 ΜΒ
637 4153 664 4212 et
684 4143 719 4197 al.
735 4161 742 4197 ε
757 4143 904 4214 impresso.

954 4269 1006 4314 21.
