3080 5136
370 460 429 520 eso
676 461 938 520 immunes
958 459 1076 518 ntem
1097 461 1122 517 1.
1314 462 1461 524 (bem.)

234 673 244 686 κ
371 590 548 679 Proxime,
569 587 627 658 sed
646 589 767 658 studiis
785 587 931 660 multum
949 587 1135 674 Mavortis,
1150 587 1284 658 Thrace
1307 613 1316 655 ε

368 713 403 782 N
404 736 442 780 ec
458 713 630 780 Macetum
647 733 730 806 gens
749 709 835 779 dure
852 709 980 806 placet,
999 707 1208 803 laudumque
1229 708 1349 780 daturi

350 821 353 829 ⁷
372 829 570 926 cecropidas
587 829 742 900 stimulos
763 832 934 902 :nimium
953 831 1149 926 'opportune
1167 831 1294 899 cerinis

368 955 484 1024 Sestos
495 991 511 1040 ,ν
524 951 747 1046 Abydenique
762 952 856 1022 sinus
873 977 882 1020 ε
902 949 1012 1046 placet
1031 952 1080 1021 ire
1099 973 1161 1046 per
1176 948 1263 1020 altas

368 1072 533 1169 Cyclades
553 1101 561 1144 :
582 1073 662 1144 hinc
682 1087 803 1168 sprete
820 1074 1007 1168 Myconos,
1025 1069 1231 1166 humilisque
1249 1071 1456 1168 Seriphos,

367 1199 413 1266 Et
427 1199 574 1266 Lemnos
592 1219 661 1264 nou
679 1217 775 1290 aequr
797 1193 897 1281 viris,
911 1209 1014 1289 atque
1029 1194 1165 1288 hospite
1182 1191 1292 1262 Delos

369 1317 550 1388 Gentibus.
569 1315 703 1387 lmbelli
724 1341 834 1412 nuper
849 1314 1050 1411 Lycomedis
1065 1316 1101 1384 iu
1117 1313 1195 1384 uult

366 1439 548 1546 Virginem
566 1453 693 1527 coetus,
716 1452 750 1508 et
768 1437 869 1508 litore
884 1462 1028 1534 pmcne
1043 1435 1126 1508 ludo

366 1559 555 1648 Audierat,
570 1559 675 1630 duros
691 1557 862 1630 luentem
878 1563 1039 1654 AEgeene
1060 1583 1166 1630 nexus

364 1683 471 1752 Missa
488 1669 602 1778 sequi,
620 1697 825 1778 centumque
847 1684 912 1753 Dei
932 1703 1114 1754 numerere
1129 1697 1289 1752 catenas.-

251 1813 255 1834 ¹
366 1807 446 1876 Haec
464 1803 592 1899 placet,
611 1803 684 1875 hec
703 1803 832 1876 timidos
850 1802 952 1875 tellus
971 1807 1140 1877 tutissime
1158 1805 1271 1875 metri.

415 1923 541 2013 Qualis
559 1926 672 1995 ricino
693 1925 839 1996 volucris
854 1927 925 2020 jem
945 1925 1064 1996 sedule
1082 1939 1200 2021 portu,

363 2049 505 2141 Jamque
519 2047 662 2135 timens,
677 2071 745 2142 qun
762 2046 884 2116 fronde
898 2045 1037 2116 domim
1049 2045 1234 2141 suspendet
1247 2047 1413 2130 inanem,

365 2166 524 2237 Providet
540 2167 621 2266 hinc
639 2183 774 2256 ventos,
795 2169 875 2238 hinc
891 2169 993 2237 anxie
1011 2169 1137 2264 cogitet
1156 2187 1305 2263 ungues,

367 2291 456 2360 Hinc
474 2288 628 2360 homines
648 2315 657 2360 :
674 2290 815 2361 taudem
830 2290 942 2360 dubioe
954 2289 1064 2385 placet
1077 2288 1219 2378 umbre,
1235 2290 1410 2384 novisque

364 2413 429 2483 Vix
448 2413 540 2481 stetit
558 2412 593 2481 in
609 2415 734 2503 remis,
750 2428 786 2482 et
799 2413 956 2508 protinus
973 2411 1078 2482 arbor
1096 2425 1240 2480 emetur.

412 2531 530 2604 Altera
550 2533 693 2604 consilio
709 2547 876 2629 superest,
896 2535 1095 2627 tristemque
1115 2531 1233 2625 fatiget

366 2657 457 2725 Cure
475 2652 589 2744 deam,
608 2670 725 2726 natum
745 2657 817 2750 ipse
833 2656 909 2725 sinu
929 2653 1103 2749 complexa
1125 2675 1187 2748 per
1205 2652 1335 2742 undas,

365 2779 418 2848 Au
439 2799 565 2872 magno
580 2778 720 2846 Tritone
738 2777 844 2862 seret,
866 2791 1052 2871 ventosque
1071 2773 1227 2845 volucres

363 2896 537 2987 Adrocet,
554 2921 601 2967 nn
617 2897 739 2993 pelago
755 2897 891 2968 solitum
908 2895 1159 2968 Thaumantida
1176 2901 1280 2991 posci.

289 3057 312 3074 ·-
365 3015 465 3088 Elicit
485 3017 564 3086 inde
583 3017 696 3106 fretis,
715 3033 751 3088 et
766 3003 895 3088 murice
914 3015 1026 3087 hehet
1045 3031 1146 3087 acuto

364 3137 554 3234 Delphinus
574 3138 720 3234 bijuges,
741 3163 826 3232 quos
843 3138 892 3208 illi
912 3141 1060 3208 merisne
1077 3139 1202 3234 Tethys

365 3261 512 3355 Gurgite
530 3258 689 3330 suentes
706 3259 817 3356 pelugi
839 3261 905 3330 sub
924 3259 1010 3331 velle
1029 3285 1152 3331 sonore
1245 3303 1247 3308 ·

366 3383 568 3451 Nutrierat:
591 3380 693 3451 nullis
714 3383 799 3452 rede
819 3407 879 3478 per
896 3385 1067 3478 Neptunia
1086 3381 1213 3478 gleueae
1262 3423 1270 3432 ·

365 3505 494 3571 Tantus
510 3502 623 3572 honor
641 3501 776 3589 forme,
796 3503 969 3598 nuntiique
985 3506 1153 3600 potentie3
1173 3527 1237 3574 nec
1258 3503 1340 3600 plus

367 3624 518 3693 Pectoris
535 3625 675 3694 homeri
697 3649 706 3694 ε
724 3625 824 3719 jubet
841 3627 904 3696 hor
923 3627 1104 3697 subsistere
1125 3625 1227 3722 pleno

368 3745 502 3831 Litore,
520 3769 563 3814 ue
581 3744 681 3815 nude
698 3760 844 3816 nocmut
861 3749 1015 3844 contagia
1037 3762 1154 3817 terre.-

264 3863 267 3868 ’
368 3869 446 3960 lpse
463 3864 586 3936 dehinc
604 3881 677 3936 toto
696 3865 883 3938 resolutum
898 3883 1035 3962 pectore
1052 3865 1235 3951 Achillem,

367 3986 437 4074 Qui
456 3987 570 4081 pueris
587 4011 700 4083 sopor,
719 3989 887 4059 Hemonii
906 3987 948 4058 de
963 3989 1105 4084 rupibus
1121 3984 1212 4056 seiri
1266 4025 1272 4038 ·

367 4104 419 4175 Ad
439 4103 588 4201 placidas
609 4108 765 4208 deportet
787 4133 905 4203 eques,
926 4123 959 4178 et
976 4110 1068 4203 jussa
1087 4124 1200 4179 tacere
