3206 5136
393 449 427 508 rt,
689 440 901 498 Tneaamos
923 440 1034 498 ttetttt
1061 446 1109 499 tv.
1317 439 1425 501 (ubit-l

388 567 521 638 Pridem
540 566 651 662 lapsus
668 591 777 654 amor,
798 583 834 638 tu
856 593 945 638 nune
962 570 1120 639 horrente
1137 567 1199 638 sub
1217 580 1310 636 arcto

388 686 510 758 Bellica
531 688 653 757 ferrato
670 687 806 782 rapidus
826 691 936 782 quatis
956 669 1081 760 Ismara
1100 691 1231 786 thyrso,

386 810 672 902 Pampineumque
686 809 783 902 jubes
801 827 919 880 nemus
937 811 1099 906 irreptare
1115 813 1286 905 Lycurgo,

386 930 455 997 Aut
470 928 636 998 tumidum
651 933 809 1022 Gangen,
825 944 884 999 aut
898 927 1042 1000 claustra
1053 931 1235 1000 'uomoeima
1249 927 1358 1002 rubra

386 1049 545 1140 Tethyos,
566 1052 719 1142 ansque
737 1049 853 1118 domos
873 1049 1036 1145 flagrante
1057 1049 1227 1143 triumpho

386 1167 549 1252 Perfuris,
570 1183 630 1238 aut
648 1169 764 1238 Hermi
786 1169 826 1237 de
845 1169 995 1238 fontibus
1013 1193 1133 1240 aureus
1152 1169 1230 1238 exis.

261 1339 268 1350 .
378 1289 431 1372 ,ht
449 1302 506 1355 tua
524 1288 713 1388 progenies,
734 1290 851 1382 positis
870 1287 1049 1382 gentilibus
1068 1291 1183 1359 armis·

385 1407 472 1496 Quae
490 1407 552 1474 tibi
571 1405 654 1476 lesta
671 1404 760 1495 litat,
777 1406 919 1492 bellum,
938 1406 1181 1502 lacrymasque,
1199 1422 1406 1502 metumque,

387 1529 643 1620 Cognatumque
661 1525 767 1614 nefas,
787 1527 901 1620 injusti
920 1517 1060 1597 munera
1077 1529 1187 1622 regni,

386 1644 567 1715 Pendimus
586 1671 593 1712 :
612 1646 747 1716 aeternis
765 1647 878 1739 potius
899 1671 968 1732 me,
988 1647 1132 1736 Bacche,
1152 1647 1282 1742 pruinis

385 1771 544 1838 Trans'et
560 1770 750 1844 Amazoniis
767 1767 934 1840 ululatum
950 1773 1126 1842 Caucason
1143 1772 1243 1840 armis

387 1887 607 1975 sineremus,
620 1911 721 1981 quam
733 1904 883 1961 monstra
896 1887 1021 1963 ducum
1036 1892 1240 1986 stirpemque
1253 1889 1427 1984 profanam

385 2007 533 2102 Eloquar
555 2033 563 2076 :
583 2033 626 2078 en
643 2033 757 2104 urges3
777 2008 881 2080 alium
901 2011 978 2096 tibi,
992 2011 1141 2098 bacche,
1159 2011 1306 2082 furorem

384 2128 501 2199 Juravi
524 2153 532 2194 :
554 2127 677 2198 similes
694 2127 791 2198 video
809 2111 1009 2200 concurrere
1026 2145 1140 2200 tauros
1159 2157 1168 2198 :

384 2248 479 2318 Idem
495 2247 658 2318 ambobus
674 2247 798 2335 honos,
818 2273 973 2342 unusque
989 2250 1180 2344 abor-igine
1197 2250 1354 2344 sanguis:

345 2395 354 2404 ·
384 2367 498 2438 Ardua
519 2365 649 2438 collatis
668 2368 782 2438 obnixi
803 2391 931 2470 cornua
950 2369 1091 2439 miscent

229 2569 232 2578 ι
340 2551 343 2560 ,
384 2488 582 2573 Frontibus,
600 2486 794 2582 alternaque
812 2501 922 2558 truces
937 2490 1130 2560 moriuntur
1147 2491 1182 2560 in
1202 2490 1260 2560 ira.

383 2607 435 2677 Tu
453 2608 563 2702 pejor,
583 2620 620 2676 tu
639 2605 718 2676 cede
736 2631 877 2694 nocens,
895 2610 954 2706 qui
971 2607 1061 2679 solus
1079 2611 1168 2679 avita

383 2728 570 2814 Gramina,
583 2751 862 2823 communemque
880 2730 966 2823 petis
986 2728 1165 2801 defendere
1183 2743 1342 2803 montem

383 2848 437 2918 th
455 2849 568 2916 miseri
586 2844 731 2917 morum!
751 2845 882 2918 bellatis
900 2849 1063 2948 sanguine
1078 2863 1188 2938 tanto,

385 2973 430 3037 Et
447 2965 552 3036 saltus
570 2966 640 3037 dux
656 2967 740 3038 alter
757 2969 896 3038 habet.»
915 2971 971 3040 Sic
986 2968 1056 3040 lata
1070 2967 1187 3066 gelatis

389 3087 561 3170 vultibus,
580 3101 613 3156 et
632 3090 765 3162 Baccho
781 3092 849 3182 jam
867 3089 1075 3188 demigrante
1091 3091 1227 3184 quierit.

435 3215 482 3280 At
500 3208 651 3304 trepidus
671 3223 839 3295 monstro,
856 3224 890 3278 et
906 3210 1006 3280 variis
1023 3211 1206 3280 terroribus
1223 3211 1347 3304 impar,

375 3331 544 3425 'Longaevi
565 3354 623 3398 rex
642 3332 727 3399 vatis
746 3354 845 3423 opem
863 3329 1082 3424 tenebrasque
1101 3353 1232 3424 sagaces

384 3449 519 3518 Tiresiae
536 3447 617 3544 (qui
633 3473 706 3518 mos
725 3451 851 3518 incerta
867 3449 1090 3545 paventibus)
1106 3476 1192 3546 aeger

384 3568 542 3639 Consulit
561 3597 568 3638 :
590 3569 646 3638 ille
665 3573 756 3640 Deos
775 3595 847 3638 non
866 3568 958 3665 larga
976 3571 1065 3640 caede
1081 3573 1280 3666 juvencum,

386 3693 465 3760 Non
486 3689 589 3760 alacri
610 3715 735 3786 penum
752 3705 812 3759 aut
831 3714 946 3760 verum
967 3692 1172 3785 spirantibus
1190 3694 1291 3780 extis,

384 3814 457 3882 Nec
478 3811 610 3905 tripode
630 3810 812 3906 implicito,
833 3811 1045 3904 numerisque
1064 3812 1278 3905 sequentibus
1300 3827 1408 3896 esua,

383 3935 519 4005 Tlturea
540 3957 603 4003 nec
622 3957 722 4027 supra
743 3932 904 4001 volitante
921 3930 1037 4000 altaria
1060 3930 1168 4020 fumo,

384 4055 467 4123 Tam
487 4056 637 4149 penitus,
653 4053 746 4122 durae
765 4077 866 4146 quam
884 4054 1000 4122 mortis
1016 4051 1121 4122 limite¹
1141 4077 1256 4124 manes
