3094 5140
110 493 227 556 (vass.)
432 484 652 542 mastinos
675 483 786 542 LIBER
808 485 857 540 lx.
1113 505 1165 556 171

108 622 254 711 Jamque
273 615 377 684 instat
390 610 483 701 telis,
500 623 534 682 et
552 627 732 706 utramque
749 609 908 706 obliquus
926 613 961 679 in
980 610 1095 681 ulnam

111 743 251 808 Cornua
266 735 434 832 contingit
455 757 637 820 mucrone,
654 748 688 802 et
707 747 844 827 pectora
863 757 990 802 nervo:

112 861 230 948 Quum
247 855 458 926 ducis·Aonii
474 878 599 948 magno
618 853 684 922 cita
702 853 836 922 turbine
855 856 967 949 cuspis

111 985 234 1050 Fertur
250 981 285 1047 in
303 977 499 1063 adversum,
518 975 679 1068 nervique
697 973 834 1068 obliqua
853 978 967 1044 sonori

111 1099 235 1173 Vincla
251 1114 360 1183 secat;
379 1113 523 1193 pereunt
539 1098 644 1181 ictus,
663 1096 888 1190 manibusque
909 1099 1054 1167 remissis

113 1225 213 1290 Vana
230 1221 388 1314 supinato
407 1217 602 1287 ceciderunt
619 1215 748 1314 spicula
766 1242 883 1286 cornu.

110 1346 209 1412 Tunc
226 1342 327 1410 miser
341 1355 374 1410 et
393 1338 507 1408 frenos
527 1339 700 1424 turbatus,
719 1353 753 1407 et
772 1363 865 1406 arma
882 1339 1029 1426 remisit,

111 1462 274 1534 Vulneris
292 1462 490 1556 impatiens,
510 1459 642 1528 humeri
662 1483 728 1552 qua
746 1460 893 1554 tegmina
914 1459 1021 1550 dextri

109 1587 279 1672 Intrarat,
299 1580 499 1674 facilemque
516 1595 626 1650 cutem
644 1580 735 1650 subit
754 1579 857 1650 altera
879 1583 1010 1677 cuspis,

111 1702 382 1798 Cornipedisquc
401 1700 516 1796 fugam
536 1701 666 1771 succiso
689 1699 816 1796 poplite
836 1703 933 1771 sistit.

111 1829 211 1895 Tunc
229 1822 320 1894 cadit
335 1825 406 1918 ipse
422 1825 549 1916 Dryas,
570 1824 714 1907 mirum,
733 1848 794 1892 nec
812 1821 960 1892 vulneris
978 1845 1120 1918 usquam

111 1947 298 2034 Conscius,
316 1943 397 2015 olim
416 1958 534 2014 auctor
555 1943 629 2026 teli,
647 1969 822 2038 causaeque
840 1945 1010 2038 patebant.

165 2074 210 2138 At
229 2091 313 2164 puer
329 2065 459 2136 inbrsus
479 2067 594 2151 sociis,
614 2067 647 2132 in
670 2065 769 2135 devia
788 2068 898 2160 campi

111 2185 276 2272 Tollitur,
296 2186 363 2254 heu
380 2185 520 2280 simplex
539 2182 636 2256 aetas!
660 2188 874 2280 moriensque
887 2187 1054 2280 jacentem

112 2308 232 2378 Flebat
249 2333 397 2401 equum:
419 2305 537 2376 cecidit
555 2305 667 2375 laxata
684 2307 810 2377 casside
830 2306 960 2396 vultus,

115 2433 286 2525 AEgraque
302 2453 363 2524 per
383 2427 533 2521 trepidos
553 2432 699 2522 exspirat
714 2429 822 2523 gratia
842 2430 949 2515 visus,

114 2555 162 2621 Et
176 2550 305 2644 prensis
323 2573 485 2618 concussa
504 2551 628 2637 comis,
649 2565 700 2618 ter
716 2549 819 2637 colla,
837 2565 1024 2643 quaterque

114 2675 213 2742 Stare
228 2685 368 2766 negant,
386 2672 532 2765 ipsisque
550 2670 642 2739 nolas
662 2669 877 2764 lacrymabile
895 2671 1035 2758 Thebis,

112 2795 192 2862 lbat
211 2816 402 2886 purpureus
422 2793 521 2859 niveo
542 2790 584 2860 de
602 2806 737 2886 pectore
754 2793 899 2887 sanguis.

113 2911 266 2982 Tandem
281 2912 351 2980 lraec
367 2910 515 3007 singultu
534 2911 633 2982 verba
649 2912 818 2981 incidente
836 2911 989 3005 profatur
1005 2940 1012 2979 :

166 3063 182 3096 a
194 3033 380 3102 Labimur:
400 3033 426 3118 i,
445 3034 623 3120 miseram,
640 3036 790 3120 Dorceu,
810 3032 918 3112 solare
938 3048 1111 3126 parentem

114 3153 178 3222 Illa
196 3150 352 3246 quidem,
373 3153 401 3221 si
421 3177 498 3220 vera
516 3150 629 3220 ferunt
647 3154 810 3247 praesagia
828 3177 932 3241 curae,

110 3265 184 3343 'Aut
203 3297 322 3342 somno
337 3272 408 3365 jam
427 3273 521 3341 triste
540 3272 650 3361 nefas,
670 3288 729 3342 aut
746 3275 859 3341 omine
880 3272 973 3341 vidit.

113 3397 168 3462 Tu
189 3407 300 3461 tamen
315 3407 387 3462 arte
404 3393 461 3488 pia
480 3392 645 3487 trepidam
664 3392 849 3488 suspende,
868 3393 994 3488 diuque

114 3515 273 3606 Decipito
288 3539 296 3579 :
314 3537 378 3580 neu
401 3527 436 3581 tu
457 3513 604 3600 subitus,
627 3539 709 3582 neve
726 3539 820 3582 arma
840 3515 966 3582 tenenti

115 3635 275 3721 Veneris,
294 3647 327 3702 et
346 3632 480 3702 tandem
497 3659 602 3729 quum
617 3638 687 3729 jam
706 3660 824 3729 cogere
845 3634 960 3722 fateri,

116 3757 181 3826 Dic
200 3781 208 3823 :
229 3795 274 3812 -
290 3755 420 3838 Merui,
437 3757 597 3849 genitrix,
617 3781 753 3851 poenas,
773 3757 878 3824 invita
895 3781 1068 3850 capessans

118 3883 218 3948 Arma
235 3900 319 3973 puer
335 3877 451 3970 rapui,
470 3902 532 3945 uec
550 3891 583 3947 te
604 3879 771 3946 retinente
788 3879 922 3971 quievi:

116 4003 189 4072 Nec
206 3997 269 4067 tibi
288 3995 439 4067 sollicitae
461 3996 580 4067 saltem
596 4000 684 4068 inter
703 3996 791 4068 bella
807 4001 952 4093 peperci.

114 4123 201 4190 Vive
215 4120 334 4215 igitur,
354 4120 534 4213 potiusque
551 4122 671 4189 animis
695 4123 835 4189 irascere
853 4122 998 4190 nostris:
