3192 5148
423 545 463 608 ai
683 499 684 504 Ν
784 543 813 596 r.
837 540 959 596 runnu
981 539 1104 595 srnru

426 666 550 734 amicus
566 664 704 759 ignovit.
722 666 762 732 In
777 663 930 732 arborem
945 676 1034 731 certe
1054 675 1162 749 tuam,
1177 660 1310 751 Melior,
1330 678 1363 734 et
1382 667 1471 759 psit-

425 797 556 870 tacum,
576 785 639 851 scis
660 807 680 850 a
700 807 753 850 me
773 781 861 850 leves
877 781 1006 850 libellos
1020 781 1114 874 quasi
1129 782 1377 875 epigrammatis
1391 783 1471 854 looo

424 906 573 999 scriptos.
591 901 741 973 Eandem
759 901 910 996 exigebat
927 899 995 970 stili
1013 899 1204 970 facilitatem
1221 903 1292 969 Leo
1308 925 1469 972 mansue·

423 1040 495 1112 tus,
522 1051 620 1120 quern
645 1025 681 1093 in
704 1023 949 1116 amphitheatro
973 1033 1194 1114 prostratum,
1213 1019 1372 1116 frigidum
1394 1036 1470 1090 erat

422 1148 640 1216 sacratissimo
667 1144 861 1238 imperatori
885 1144 920 1211 ni
939 1143 1051 1212 statim
1072 1141 1245 1212 traderem.
1267 1141 1321 1212 Ad
1341 1146 1469 1212 Ursum

422 1290 555 1360 quoque
578 1275 746 1352 nostrum,
763 1265 920 1360 juvenem
940 1262 1231 1360 candidissimum,
1256 1277 1289 1335 et
1306 1264 1377 1332 sine
1395 1267 1469 1358 jac-

421 1399 496 1454 tura
509 1383 641 1455 desidiae
655 1383 898 1468 doctissimum,
912 1383 1069 1478 scriptam
1083 1381 1125 1450 de
1139 1407 1243 1475 puero
1257 1384 1377 1452 amisso
1388 1407 1469 1454 con·

421 1496 633 1590 solationem,
645 1526 809 1596 superea,
823 1527 896 1595 quae
911 1503 972 1596 ipsi
991 1501 1111 1589 debeo,
1125 1501 1204 1574 huic
1219 1501 1306 1571 libro
1322 1501 1468 1574 libenter

421 1625 560 1709 inserui,
577 1624 655 1716 quia
671 1623 833 1692 honorem
848 1622 918 1713 ejus
934 1621 993 1690 tibi
1008 1620 1134 1690 laturus
1149 1637 1331 1715 acceptum.
1346 1621 1467 1692 Exclu·

422 1741 471 1810 dit
486 1739 643 1814 volumen
664 1737 904 1834 Genethliacon
921 1739 1064 1828 Lucani,
1084 1740 1175 1833 quod
1190 1740 1285 1810 Polla
1300 1745 1465 1838 Argenta·

421 1859 657 1950 ria,carissima
675 1882 832 1944 uxorum,
847 1882 951 1951 quum
967 1858 1057 1926 hune
1076 1857 1163 1927 diem
1182 1858 1269 1928 forte
1288 1885 1463 1934 consecra·

421 2003 546 2066 remus,
567 1977 725 2073 imputari
751 1977 813 2046 sibi
837 1975 952 2045 voluit.
983 1980 1055 2071 Ego
1081 2001 1149 2045 non
1177 1979 1284 2082 potui,
1301 1981 1464 2074 majorem

421 2100 505 2171 tanti
529 2099 673 2176 auctoris
694 2096 817 2166 hahere
840 2097 1080 2185 reverentiam,
1106 2121 1207 2190 quam
1233 2097 1325 2191 quod
1349 2097 1463 2168 laudes

420 2223 491 2312 ejus
505 2217 655 2288 dicturus
670 2217 879 2286 hexametros
895 2240 985 2285 meos
999 2216 1104 2283 timui.
1124 2219 1203 2284 Haeo
1218 2213 1463 2311 qualiacunque

419 2353 517 2424 sunt,
533 2337 655 2406 Melior
668 2338 850 2421 carissime,
865 2338 891 2404 si
905 2337 964 2404 tibi
979 2359 1047 2403 non
1061 2334 1304 2429 displicuerint,
1320 2361 1340 2405 a
1354 2313 1387 2407 te
1402 2362 1463 2432 pu-

419 2455 542 2526 blicum
561 2455 745 2550 accipiant3
763 2457 813 2524 sin
829 2455 958 2542 minus,
974 2453 1017 2522 ad
1035 2477 1088 2522 me
1104 2467 1324 2525 revertantur.
