3200 5142
176 499 217 556 (v.
232 500 304 559 533.)
503 499 720 558 Tunuatuos
742 501 853 560 LIBER
876 502 926 558 111.

178 627 310 692 Iutuor
333 649 341 691 :
362 624 493 692 Inachii
515 639 601 694 sunt.
613 624 647 694 hi
668 627 748 714 tibi,
768 629 927 722 concipe,
946 651 1051 720 reges.

180 749 346 814 Invasere
365 744 504 841 globum
521 748 611 815 nivei
632 748 762 842 gregis,
785 771 939 842 uncaque
961 747 1114 843 pandunt

183 865 346 938 Caedihus
363 891 421 936 ora
438 868 556 955 novis,
577 879 609 936 et
626 869 750 938 strictis
769 868 941 963 unguibus
952 868 1096 938 instant.

238 1017 254 1050 t«
269 989 390 1058 Cernis
408 990 581 1084 inexperto
599 1004 751 1058 rorantes
768 991 932 1084 sauguine
946 1005 1081 1078 ventos,

185 1113 234 1179 Et
253 1108 378 1205 plumis
398 1109 525 1179 stillare
543 1109 656 1179 diem?
673 1135 776 1206 quam
795 1135 881 1182 saeva
897 1125 1034 1206 repente
1083 1155 1089 1168 ι

145 1296 150 1302 .
186 1233 344 1301 Victores
363 1233 470 1326 agitat
486 1230 553 1302 leto
573 1233 665 1302 Jovis
685 1230 735 1301 ira
755 1229 910 1301 sinistril‘

188 1354 254 1422 Hic
273 1351 404 1422 excelsa
421 1367 539 1448 petens
559 1355 670 1422 subita
688 1353 758 1422 face
776 1350 872 1423 Solis·
883 1355 1021 1442 inarsit,

191 1469 566 1567 Submisitque'anirnos
586 1473 705 1543 :illum
723 1475 863 1570 vestigia
884 1473 1042 1545 adortum

188 1596 360 1689 Majorum
379 1593 553 1664 volucrum
574 1611 695 1665 tenerae
716 1596 882 1690 deponitis
903 1595 972 1666 alae.

188 1718 254 1786 Hic
273 1715 361 1785 hosti
377 1716 558 1812 implicitus
577 1719 704 1811 pariter
721 1719 922 1806 ruit‚.huno
941 1718 1021 1814 fuga
1040 1733 1132 1788 retro

187 1837 305 1907 Volvit
326 1863 427 1932 agens
445 1839 541 1907 sociae
559 1837 769 1931 linquentem
787 1838 856 1908 fata
876 1854 1025 1908 catervae.

155 2009 166 2016 -
188 1961 253 2029 Hic
270 1959 387 2028 nimbo
405 1956 608 2054 glomeratus
627 1959 699 2026 obit
716 1985 723 2026 :
740 1959 795 2028 hic
812 1975 958 2053 praepete
975 1962 1051 2029 viva

187 2082 344 2151 Pascitur
361 2081 554 2150 immoriens
572 2105 580 2148 :
601 2081 729 2174 spargit
748 2103 827 2148 cava
850 2077 972 2149 nubila
984 2083 1129 2176 sanguis.
1161 2137 1196 2192 ιγ

186 2203 259 2291 Qui
278 2201 394 2270 furtim
414 2199 596 2294 lacrymas?
612 2198 728 2288 illurn,
748 2199 936 2271 venerande
956 2198 1152 2295 Melampu,

187 2324 259 2413 Qui
278 2321 383 2410 cadit,
404 2346 590 2418 agnosco.»
605 2320 769 2416 Trepidos
787 2322 836 2390 sic
855 2319 943 2388 mole
963 2319 1085 2407 futuri,
1114 2312 1116 2330 '

187 2449 387 2537 Cunctaque
401 2445 479 2538 jam¹
494 2467 608 2512 rerum
630 2457 723 2511 certa
742 2442 805 2511 sub
825 2443 1119 2536 imaginepassos,

186 2569 313 2634 Terror
330 2564 431 2634 habet
454 2580 545 2634 vates
562 2563 579 2631 :⁴
593 2565 684 2659 piget
704 2563 864 2657 irrupisse
881 2561 1055 2633 volantum

187 2685 359 2772 Concilia,
377 2701 411 2755 et
432 2684 516 2755 coelo
536 2698 682 2754 mentem
703 2686 886 2754 insertasse¹
898 2684 1035 2763 vetanti.

186 2806 371 2902 Auditique
390 2807 492 2877 odere
512 2813 626 2878 Deos:
646 2806 736 2876 unde
755 2807 817 2876 iste
832 2831 891 2901 per
908 2806 1023 2874 orbem

186 2930 323 2998 Primus
342 2931 476 2998 venturi
498 2930 628 2998 miseris
647 2928 982 3021 animantibusaeger

187 3051 305 3122 Crevit
324 3048 440 3122 amor?
458 3051 629 3120 Divumne
648 3049 735 3119 feras
752 3050 817 3118 hoc
838 3072 978 3135 munus;
997 3073 1040 3116 an
1059 3050 1123 3144 ipsi

186 3174 282 3240 Gens
299 3170 415 3263 avida,
433 3187 466 3241 et
486 3185 584 3267 parto
606 3196 675 3239 non
695 3195 847 3264 unquam
867 3183 955 3238 stare
976 3168 1103 3262 quieti?

187 3293 348 3363 Eruimus
365 3316 440 3386 quae
459 3295 569 3389 prima
587 3291 676 3381 dies,
695 3291 753 3360 ubi
774 3291 936 3360 terminus
954 3291 1032 3376 aevi,

187 3412 281 3503 Quid
299 3415 409 3485 bonus
429 3412 483 3483 ille
501 3417 611 3484 Deum
633 3414 778 3508 genitor,
795 3409 878 3504 quid
898 3409 1007 3480 ferrea
1022 3406 1149 3479 Clotho
1223 3428 1226 3436 ’

186 3537 321 3630 Cogitet
341 3562 349 3604 :
369 3537 449 3604 hinc
468 3535 579 3622 librae,
596 3547 630 3603 et
648 3531 822 3603 volucrum
840 3557 900 3627 per
918 3529 1035 3601 nubila
1050 3553 1159 3603 sermo

187 3660 443 3751 Astrorumque·
457 3658 560 3742 vices,
578 3669 821 3748 numerataque
841 3652 958 3723 semita
976 3655 1105 3738 Lunae„

187 3775 484 3872 Thessalicumque
499 3775 601 3847 uesas.
621 3779 667 3844 At
684 3800 758 3844 non.
773 3775 867 3870 prior
884 3797 1006 3842 aureus
1026 3769 1089 3841 ille·
1141 3785 1142 3790 ’

144 3959 146 3966 ,
187 3899 330 3993 Sanguis
348 3923 466 3986 avum,
485 3897 698 3992 scopulisque
718 3911 803 3972 sate,
816 3894 868 3963 vel
890 3895 1011 3962 robore
1028 3906 1145 3987 gentes

186 4020 360 4093 Mentibus
380 4021 444 4089 hoc
460 4045 571 4092 ausae:
591 4017 692 4089 silvas
711 4041 807 4087 amor
823 4041 926 4102 unus,
944 4015 1154 4106 humumque

187 4142 387 4214 Edomuisse
406 4165 509 4216 manu
529 4168 537 4210 :
559 4141 643 4236 quid
659 4140 804 4209 crastina
823 4136 977 4207 volveret
990 4148 1069 4203 aetas
1170 4177 1171 4182 κ
1210 4207 1215 4221 ‚
