<?xml version="1.0" encoding="UTF-8"?>
<!DOCTYPE html PUBLIC "-//W3C//DTD XHTML 1.0 Transitional//EN"
    "http://www.w3.org/TR/xhtml1/DTD/xhtml1-transitional.dtd">
<html xmlns="http://www.w3.org/1999/xhtml" xml:lang="en" lang="en">
 <head>
  <title>
</title>
<meta http-equiv="Content-Type" content="text/html;charset=utf-8" />
  <meta name='ocr-system' content='tesseract 3.04.00' />
  <meta name='ocr-capabilities' content='ocr_page ocr_carea ocr_par ocr_line ocrx_word'/>
</head>
<body>
  <div class='ocr_page' id='page_1' title='image "./operaquaeextant00dbgoog_0271.png"; bbox 0 0 3200 5142; ppageno 0'>
   <div class='ocr_carea' id='block_1_1' title="bbox 378 457 1051 527">
    <p class='ocr_par' dir='ltr' id='par_1_1' title="bbox 378 457 1051 527">
     <span class='ocr_line' id='line_1_1' title="bbox 378 457 1051 527; baseline -0.003 -12"><span class='ocrx_word' id='word_1_1' title='bbox 378 459 435 527; x_wconf 69' lang='lat'>246</span> <span class='ocrx_word' id='word_1_2' title='bbox 750 457 1051 516; x_wconf 74' lang='lat' dir='ltr'>surtommttus</span> 
     </span>
    </p>
   </div>
   <div class='ocr_carea' id='block_1_2' title="bbox 375 571 1436 3607">
    <p class='ocr_par' dir='ltr' id='par_1_2' title="bbox 375 571 1432 1475">
     <span class='ocr_line' id='line_1_2' title="bbox 419 571 1432 657; baseline -0.007 -24"><span class='ocrx_word' id='word_1_3' title='bbox 419 579 495 633; x_wconf 72' lang='lat' dir='ltr'>uim</span> <span class='ocrx_word' id='word_1_4' title='bbox 507 577 588 633; x_wconf 85' lang='lat' dir='ltr'>obvia</span> <span class='ocrx_word' id='word_1_5' title='bbox 601 573 640 657; x_wconf 80' lang='lat' dir='ltr'>(v.</span> <span class='ocrx_word' id='word_1_6' title='bbox 658 594 696 633; x_wconf 80' lang='lat' dir='ltr'>aa</span> <span class='ocrx_word' id='word_1_7' title='bbox 710 573 796 654; x_wconf 89' lang='lat' dir='ltr'>sqq.).</span> <span class='ocrx_word' id='word_1_8' title='bbox 810 571 974 650; x_wconf 79' lang='lat' dir='ltr'>Respicitur</span> <span class='ocrx_word' id='word_1_9' title='bbox 988 573 1026 630; x_wconf 83' lang='lat' dir='ltr'>ad</span> <span class='ocrx_word' id='word_1_10' title='bbox 1042 575 1074 632; x_wconf 89' lang='lat' dir='ltr'>C.</span> <span class='ocrx_word' id='word_1_11' title='bbox 1091 571 1199 629; x_wconf 80' lang='lat' dir='ltr'>lulium</span> <span class='ocrx_word' id='word_1_12' title='bbox 1208 571 1357 644; x_wconf 59' lang='lat' dir='ltr'>Casurum</span> <span class='ocrx_word' id='word_1_13' title='bbox 1370 571 1432 646; x_wconf 83' lang='lat' dir='ltr'>pri-</span> 
     </span>
     <span class='ocr_line' id='line_1_3' title="bbox 377 663 1432 744; baseline -0.008 -18"><span class='ocrx_word' id='word_1_14' title='bbox 377 688 457 726; x_wconf 89' lang='lat' dir='ltr'>mum</span> <span class='ocrx_word' id='word_1_15' title='bbox 469 668 672 744; x_wconf 79' lang='lat' dir='ltr'>imperatorem</span> <span class='ocrx_word' id='word_1_16' title='bbox 684 669 760 724; x_wconf 89' lang='lat' dir='ltr'>inter</span> <span class='ocrx_word' id='word_1_17' title='bbox 767 667 858 724; x_wconf 78' lang='lat' dir='ltr'>Divos</span> <span class='ocrx_word' id='word_1_18' title='bbox 866 669 988 724; x_wconf 85' lang='lat' dir='ltr'>relatum</span> <span class='ocrx_word' id='word_1_19' title='bbox 1002 687 1010 722; x_wconf 73' lang='grc' dir='ltr'><strong><em>ε</em></strong></span> <span class='ocrx_word' id='word_1_20' title='bbox 1024 665 1107 738; x_wconf 88' lang='lat' dir='ltr'>cujus</span> <span class='ocrx_word' id='word_1_21' title='bbox 1124 665 1263 739; x_wconf 90' lang='lat' dir='ltr'>templum</span> <span class='ocrx_word' id='word_1_22' title='bbox 1275 663 1358 720; x_wconf 87' lang='lat' dir='ltr'>situm</span> <span class='ocrx_word' id='word_1_23' title='bbox 1367 674 1432 719; x_wconf 86' lang='lat' dir='ltr'>crat</span> 
     </span>
     <span class='ocr_line' id='line_1_4' title="bbox 377 757 1431 838; baseline -0.007 -19"><span class='ocrx_word' id='word_1_24' title='bbox 377 781 394 819; x_wconf 92' lang='lat' dir='ltr'>e</span> <span class='ocrx_word' id='word_1_25' title='bbox 415 761 534 838; x_wconf 83' lang='lat' dir='ltr'>regione</span> <span class='ocrx_word' id='word_1_26' title='bbox 554 772 670 833; x_wconf 54' lang='lat' dir='ltr'>statum</span> <span class='ocrx_word' id='word_1_27' title='bbox 686 762 724 818; x_wconf 89' lang='lat' dir='ltr'>ab</span> <span class='ocrx_word' id='word_1_28' title='bbox 741 763 830 817; x_wconf 86' lang='lat' dir='ltr'>latere</span> <span class='ocrx_word' id='word_1_29' title='bbox 854 759 916 833; x_wconf 86' lang='lat' dir='ltr'>ejus</span> <span class='ocrx_word' id='word_1_30' title='bbox 934 760 1127 816; x_wconf 71' lang='lat' dir='ltr'><strong>cernebantur</strong></span> <span class='ocrx_word' id='word_1_31' title='bbox 1147 768 1223 812; x_wconf 81' lang='lat' dir='ltr'>tecta</span> <span class='ocrx_word' id='word_1_32' title='bbox 1243 757 1339 823; x_wconf 74' lang='lat' dir='ltr'>sulib,</span> <span class='ocrx_word' id='word_1_33' title='bbox 1362 757 1382 810; x_wconf 79' lang='lat' dir='ltr'>‘u</span> <span class='ocrx_word' id='word_1_34' title='bbox 1404 775 1431 812; x_wconf 71' lang='lat' dir='ltr'>c</span> 
     </span>
     <span class='ocr_line' id='line_1_5' title="bbox 377 848 1430 927; baseline -0.007 -17"><span class='ocrx_word' id='word_1_35' title='bbox 377 853 495 910; x_wconf 85' lang='lat' dir='ltr'>basilica</span> <span class='ocrx_word' id='word_1_36' title='bbox 507 854 599 926; x_wconf 83' lang='lat' dir='ltr'>Julia,</span> <span class='ocrx_word' id='word_1_37' title='bbox 613 853 644 910; x_wconf 92' lang='lat' dir='ltr'>in</span> <span class='ocrx_word' id='word_1_38' title='bbox 656 854 734 910; x_wconf 85' lang='lat' dir='ltr'>Foro</span> <span class='ocrx_word' id='word_1_39' title='bbox 752 870 875 909; x_wconf 87' lang='lat' dir='ltr'>romano</span> <span class='ocrx_word' id='word_1_40' title='bbox 888 852 997 927; x_wconf 81' lang='lat' dir='ltr'>posita3</span> <span class='ocrx_word' id='word_1_41' title='bbox 1012 851 1050 908; x_wconf 86' lang='lat' dir='ltr'>ab</span> <span class='ocrx_word' id='word_1_42' title='bbox 1070 851 1161 908; x_wconf 86' lang='lat' dir='ltr'>altero</span> <span class='ocrx_word' id='word_1_43' title='bbox 1179 848 1310 924; x_wconf 76' lang='lat' dir='ltr'>porticui</span> <span class='ocrx_word' id='word_1_44' title='bbox 1324 849 1430 914; x_wconf 79' lang='lat' dir='ltr'>Pauli,</span> 
     </span>
     <span class='ocr_line' id='line_1_6' title="bbox 376 939 1429 1021; baseline -0.006 -19"><span class='ocrx_word' id='word_1_45' title='bbox 376 945 414 1002; x_wconf 85' lang='lat' dir='ltr'>ab</span> <span class='ocrx_word' id='word_1_46' title='bbox 427 944 542 1002; x_wconf 76' lang='lat' dir='ltr'>AEmilio</span> <span class='ocrx_word' id='word_1_47' title='bbox 559 945 672 1021; x_wconf 85' lang='lat' dir='ltr'>Lepido</span> <span class='ocrx_word' id='word_1_48' title='bbox 683 946 773 1003; x_wconf 87' lang='lat' dir='ltr'>Paulo</span> <span class='ocrx_word' id='word_1_49' title='bbox 786 944 913 1018; x_wconf 87' lang='lat' dir='ltr'>propriis</span> <span class='ocrx_word' id='word_1_50' title='bbox 930 942 1066 1018; x_wconf 58' lang='lat' dir='ltr'>hpensis</span> <span class='ocrx_word' id='word_1_51' title='bbox 1080 941 1155 998; x_wconf 83' lang='lat' dir='ltr'>facta</span> <span class='ocrx_word' id='word_1_52' title='bbox 1163 983 1172 1013; x_wconf 95' lang='lat'>,</span> <span class='ocrx_word' id='word_1_53' title='bbox 1186 950 1256 1016; x_wconf 86' lang='lat' dir='ltr'>post</span> <span class='ocrx_word' id='word_1_54' title='bbox 1267 939 1429 996; x_wconf 73' lang='lat' dir='ltr'><strong>incendium</strong></span> 
     </span>
     <span class='ocr_line' id='line_1_7' title="bbox 376 1032 1430 1113; baseline -0.004 -21"><span class='ocrx_word' id='word_1_55' title='bbox 376 1035 414 1092; x_wconf 86' lang='lat' dir='ltr'>ab</span> <span class='ocrx_word' id='word_1_56' title='bbox 432 1039 565 1113; x_wconf 71' lang='lat' dir='ltr'>Augusto</span> <span class='ocrx_word' id='word_1_57' title='bbox 579 1037 718 1093; x_wconf 83' lang='lat' dir='ltr'>restituta.</span> <span class='ocrx_word' id='word_1_58' title='bbox 736 1035 909 1094; x_wconf 69' lang='lat' dir='ltr'>Concordia</span> <span class='ocrx_word' id='word_1_59' title='bbox 921 1033 1049 1110; x_wconf 88' lang='lat' dir='ltr'>denique</span> <span class='ocrx_word' id='word_1_60' title='bbox 1066 1043 1159 1092; x_wconf 80' lang='lat' dir='ltr'>statua</span> <span class='ocrx_word' id='word_1_61' title='bbox 1176 1033 1227 1089; x_wconf 79' lang='lat' dir='ltr'>vix</span> <span class='ocrx_word' id='word_1_62' title='bbox 1242 1032 1365 1089; x_wconf 90' lang='lat' dir='ltr'>dubium</span> <span class='ocrx_word' id='word_1_63' title='bbox 1377 1042 1430 1102; x_wconf 82' lang='lat' dir='ltr'>eet,</span> 
     </span>
     <span class='ocr_line' id='line_1_8' title="bbox 376 1124 1431 1203; baseline -0.003 -20"><span class='ocrx_word' id='word_1_64' title='bbox 376 1127 449 1202; x_wconf 83' lang='lat' dir='ltr'>quin</span> <span class='ocrx_word' id='word_1_65' title='bbox 461 1128 557 1203; x_wconf 86' lang='lat' dir='ltr'>posita</span> <span class='ocrx_word' id='word_1_66' title='bbox 565 1127 699 1184; x_wconf 74' lang='lat' dir='ltr'>fitemtad</span> <span class='ocrx_word' id='word_1_67' title='bbox 706 1130 852 1203; x_wconf 81' lang='lat' dir='ltr'>porticum</span> <span class='ocrx_word' id='word_1_68' title='bbox 861 1125 1139 1198; x_wconf 73' lang='lat' dir='ltr'>Coucordiae,inilla</span> <span class='ocrx_word' id='word_1_69' title='bbox 1147 1124 1235 1183; x_wconf 82' lang='lat' dir='ltr'>Urbis</span> <span class='ocrx_word' id='word_1_70' title='bbox 1242 1135 1328 1199; x_wconf 84' lang='lat' dir='ltr'>parte</span> <span class='ocrx_word' id='word_1_71' title='bbox 1339 1141 1431 1199; x_wconf 84' lang='lat' dir='ltr'>prope</span> 
     </span>
     <span class='ocr_line' id='line_1_9' title="bbox 376 1216 1430 1292; baseline -0.002 -18"><span class='ocrx_word' id='word_1_72' title='bbox 376 1217 483 1274; x_wconf 74' lang='lat' dir='ltr'>clivum</span> <span class='ocrx_word' id='word_1_73' title='bbox 489 1218 678 1292; x_wconf 84' lang='lat' dir='ltr'>capitolinum</span> <span class='ocrx_word' id='word_1_74' title='bbox 696 1218 1058 1276; x_wconf 72' lang='lat' dir='ltr'>exstructamdccuratius</span> <span class='ocrx_word' id='word_1_75' title='bbox 1077 1217 1172 1273; x_wconf 87' lang='lat' dir='ltr'>debis</span> <span class='ocrx_word' id='word_1_76' title='bbox 1188 1216 1270 1272; x_wconf 88' lang='lat' dir='ltr'>etde</span> <span class='ocrx_word' id='word_1_77' title='bbox 1288 1233 1358 1272; x_wconf 84' lang='lat' dir='ltr'>arcu</span> <span class='ocrx_word' id='word_1_78' title='bbox 1371 1219 1430 1272; x_wconf 85' lang='lat' dir='ltr'>Ve-</span> 
     </span>
     <span class='ocr_line' id='line_1_10' title="bbox 376 1305 1430 1385; baseline -0.002 -20"><span class='ocrx_word' id='word_1_79' title='bbox 376 1308 516 1383; x_wconf 80' lang='lat' dir='ltr'>spasiani,</span> <span class='ocrx_word' id='word_1_80' title='bbox 532 1309 585 1384; x_wconf 88' lang='lat' dir='ltr'>qui</span> <span class='ocrx_word' id='word_1_81' title='bbox 602 1309 705 1385; x_wconf 89' lang='lat' dir='ltr'>etipse</span> <span class='ocrx_word' id='word_1_82' title='bbox 724 1329 786 1368; x_wconf 91' lang='lat' dir='ltr'>non</span> <span class='ocrx_word' id='word_1_83' title='bbox 797 1312 902 1384; x_wconf 88' lang='lat' dir='ltr'>procul</span> <span class='ocrx_word' id='word_1_84' title='bbox 917 1311 1032 1381; x_wconf 86' lang='lat' dir='ltr'>aberat,</span> <span class='ocrx_word' id='word_1_85' title='bbox 1047 1319 1176 1384; x_wconf 64' lang='lat' dir='ltr'>querant</span> <span class='ocrx_word' id='word_1_86' title='bbox 1198 1305 1306 1382; x_wconf 86' lang='lat' dir='ltr'>quibus</span> <span class='ocrx_word' id='word_1_87' title='bbox 1322 1305 1430 1364; x_wconf 72' lang='lat' dir='ltr'>desmi-</span> 
     </span>
     <span class='ocr_line' id='line_1_11' title="bbox 375 1400 1103 1475; baseline 0.003 -20"><span class='ocrx_word' id='word_1_88' title='bbox 375 1400 491 1475; x_wconf 86' lang='lat' dir='ltr'>ptiones</span> <span class='ocrx_word' id='word_1_89' title='bbox 505 1401 593 1459; x_wconf 83' lang='lat' dir='ltr'>Urbis</span> <span class='ocrx_word' id='word_1_90' title='bbox 609 1411 638 1458; x_wconf 88' lang='lat' dir='ltr'>et</span> <span class='ocrx_word' id='word_1_91' title='bbox 654 1402 709 1459; x_wconf 85' lang='lat' dir='ltr'>alia</span> <span class='ocrx_word' id='word_1_92' title='bbox 722 1403 850 1460; x_wconf 88' lang='lat' dir='ltr'>subsidia</span> <span class='ocrx_word' id='word_1_93' title='bbox 863 1404 902 1459; x_wconf 88' lang='lat' dir='ltr'>ad</span> <span class='ocrx_word' id='word_1_94' title='bbox 912 1421 1015 1458; x_wconf 86' lang='lat' dir='ltr'>manus</span> <span class='ocrx_word' id='word_1_95' title='bbox 1027 1411 1103 1460; x_wconf 90' lang='lat' dir='ltr'>sunt.</span> 
     </span>
    </p>

    <p class='ocr_par' dir='ltr' id='par_1_3' title="bbox 376 1491 1432 1734">
     <span class='ocr_line' id='line_1_12' title="bbox 418 1491 1432 1572; baseline 0 -25"><span class='ocrx_word' id='word_1_96' title='bbox 418 1494 456 1548; x_wconf 79' lang='lat' dir='ltr'>ln</span> <span class='ocrx_word' id='word_1_97' title='bbox 478 1495 555 1568; x_wconf 77' lang='lat' dir='ltr'>leges</span> <span class='ocrx_word' id='word_1_98' title='bbox 572 1495 627 1549; x_wconf 82' lang='lat' dir='ltr'>iret</span> <span class='ocrx_word' id='word_1_99' title='bbox 646 1511 748 1569; x_wconf 73' lang='lat' dir='ltr'>gener,</span> <span class='ocrx_word' id='word_1_100' title='bbox 763 1507 793 1551; x_wconf 89' lang='lat' dir='ltr'>et</span> <span class='ocrx_word' id='word_1_101' title='bbox 811 1495 882 1552; x_wconf 77' lang='lat' dir='ltr'>Cato</span> <span class='ocrx_word' id='word_1_102' title='bbox 900 1495 1004 1551; x_wconf 65' lang='lat' dir='ltr'>casua</span> <span class='ocrx_word' id='word_1_103' title='bbox 1030 1491 1069 1572; x_wconf 81' lang='lat' dir='ltr'>(v.</span> <span class='ocrx_word' id='word_1_104' title='bbox 1092 1491 1154 1572; x_wconf 74' lang='lat' dir='ltr'>sd).</span> <span class='ocrx_word' id='word_1_105' title='bbox 1180 1491 1371 1550; x_wconf 75' lang='lat' dir='ltr'>Memoranda</span> <span class='ocrx_word' id='word_1_106' title='bbox 1392 1503 1432 1547; x_wconf 81' lang='lat' dir='ltr'>eet</span> 
     </span>
     <span class='ocr_line' id='line_1_13' title="bbox 376 1583 1431 1662; baseline -0.004 -18"><span class='ocrx_word' id='word_1_107' title='bbox 376 1583 571 1644; x_wconf 82' lang='lat' dir='ltr'>Wemsdorlii</span> <span class='ocrx_word' id='word_1_108' title='bbox 583 1586 737 1662; x_wconf 81' lang='lat' dir='ltr'><strong>explicatio</strong></span> <span class='ocrx_word' id='word_1_109' title='bbox 761 1588 799 1645; x_wconf 85' lang='lat' dir='ltr'>ad</span> <span class='ocrx_word' id='word_1_110' title='bbox 811 1589 898 1646; x_wconf 78' lang='lat' dir='ltr'>ablat</span> <span class='ocrx_word' id='word_1_111' title='bbox 926 1586 1029 1644; x_wconf 69' lang='lat' dir='ltr'>caseis</span> <span class='ocrx_word' id='word_1_112' title='bbox 1049 1605 1086 1643; x_wconf 84' lang='lat' dir='ltr'>ex</span> <span class='ocrx_word' id='word_1_113' title='bbox 1104 1587 1158 1643; x_wconf 72' lang='lat' dir='ltr'>ciet</span> <span class='ocrx_word' id='word_1_114' title='bbox 1185 1585 1328 1642; x_wconf 89' lang='lat' dir='ltr'>elicientis</span> <span class='ocrx_word' id='word_1_115' title='bbox 1348 1586 1431 1640; x_wconf 82' lang='lat' dir='ltr'>dece-</span> 
     </span>
     <span class='ocr_line' id='line_1_14' title="bbox 377 1679 466 1734; baseline 0 0"><span class='ocrx_word' id='word_1_116' title='bbox 377 1679 466 1734; x_wconf 80' lang='lat' dir='ltr'>deret.</span> 
     </span>
    </p>

    <p class='ocr_par' dir='ltr' id='par_1_4' title="bbox 376 1769 1434 2404">
     <span class='ocr_line' id='line_1_15' title="bbox 420 1769 1434 1850; baseline 0 -24"><span class='ocrx_word' id='word_1_117' title='bbox 420 1770 591 1846; x_wconf 70' lang='lat' dir='ltr'><em>Contemptis</em></span> <span class='ocrx_word' id='word_1_118' title='bbox 603 1783 725 1848; x_wconf 62' lang='lat' dir='ltr'>surgant</span> <span class='ocrx_word' id='word_1_119' title='bbox 736 1773 865 1848; x_wconf 77' lang='lat' dir='ltr'>pallatio</span> <span class='ocrx_word' id='word_1_120' title='bbox 870 1771 1005 1846; x_wconf 69' lang='lat' dir='ltr'>stammas</span> <span class='ocrx_word' id='word_1_121' title='bbox 1019 1769 1058 1849; x_wconf 83' lang='lat' dir='ltr'>(v.</span> <span class='ocrx_word' id='word_1_122' title='bbox 1074 1769 1132 1850; x_wconf 71' lang='grc'><strong>34).</strong></span> <span class='ocrx_word' id='word_1_123' title='bbox 1151 1773 1186 1828; x_wconf 90' lang='lat' dir='ltr'>ln</span> <span class='ocrx_word' id='word_1_124' title='bbox 1201 1773 1285 1830; x_wconf 91' lang='lat' dir='ltr'>bellis</span> <span class='ocrx_word' id='word_1_125' title='bbox 1303 1771 1434 1829; x_wconf 77' lang='lat' dir='ltr'>civilibus</span> 
     </span>
     <span class='ocr_line' id='line_1_16' title="bbox 377 1863 1433 1938; baseline -0.002 -18"><span class='ocrx_word' id='word_1_126' title='bbox 377 1872 407 1920; x_wconf 89' lang='lat' dir='ltr'>et</span> <span class='ocrx_word' id='word_1_127' title='bbox 422 1863 477 1918; x_wconf 88' lang='lat' dir='ltr'>sub</span> <span class='ocrx_word' id='word_1_128' title='bbox 499 1863 676 1937; x_wconf 79' lang='lat' dir='ltr'>Vespasiano</span> <span class='ocrx_word' id='word_1_129' title='bbox 696 1863 887 1938; x_wconf 77' lang='lat' dir='ltr'>Capitolium,</span> <span class='ocrx_word' id='word_1_130' title='bbox 907 1863 1057 1921; x_wconf 87' lang='lat' dir='ltr'>Pallatium</span> <span class='ocrx_word' id='word_1_131' title='bbox 1077 1873 1107 1920; x_wconf 90' lang='lat' dir='ltr'>et</span> <span class='ocrx_word' id='word_1_132' title='bbox 1123 1866 1271 1938; x_wconf 72' lang='lat' dir='ltr'>pennulez</span> <span class='ocrx_word' id='word_1_133' title='bbox 1286 1864 1362 1921; x_wconf 72' lang='lat' dir='ltr'>ades</span> <span class='ocrx_word' id='word_1_134' title='bbox 1376 1883 1433 1937; x_wconf 93' lang='lat' dir='ltr'>pu-</span> 
     </span>
     <span class='ocr_line' id='line_1_17' title="bbox 377 1955 1434 2032; baseline 0 -20"><span class='ocrx_word' id='word_1_135' title='bbox 377 1955 458 2012; x_wconf 71' lang='lat' dir='ltr'>blica</span> <span class='ocrx_word' id='word_1_136' title='bbox 472 1955 606 2014; x_wconf 87' lang='lat' dir='ltr'>inccndio</span> <span class='ocrx_word' id='word_1_137' title='bbox 616 1967 757 2032; x_wconf 68' lang='lat' dir='ltr'>correpte</span> <span class='ocrx_word' id='word_1_138' title='bbox 773 1967 855 2014; x_wconf 88' lang='lat' dir='ltr'>erant</span> <span class='ocrx_word' id='word_1_139' title='bbox 869 1976 877 2012; x_wconf 77' lang='grc' dir='ltr'><strong>ε</strong></span> <span class='ocrx_word' id='word_1_140' title='bbox 889 1975 1065 2032; x_wconf 86' lang='lat' dir='ltr'>parsearum</span> <span class='ocrx_word' id='word_1_141' title='bbox 1075 1956 1113 2012; x_wconf 89' lang='lat' dir='ltr'>ab</span> <span class='ocrx_word' id='word_1_142' title='bbox 1127 1955 1192 2031; x_wconf 92' lang='lat' dir='ltr'>ipso</span> <span class='ocrx_word' id='word_1_143' title='bbox 1204 1957 1373 2014; x_wconf 88' lang='lat' dir='ltr'>Domitiano</span> <span class='ocrx_word' id='word_1_144' title='bbox 1386 1975 1434 2012; x_wconf 88' lang='lat' dir='ltr'>re-</span> 
     </span>
     <span class='ocr_line' id='line_1_18' title="bbox 377 2047 1432 2124; baseline 0.002 -20"><span class='ocrx_word' id='word_1_145' title='bbox 377 2047 491 2120; x_wconf 86' lang='lat' dir='ltr'>stituta,</span> <span class='ocrx_word' id='word_1_146' title='bbox 509 2049 666 2123; x_wconf 85' lang='lat' dir='ltr'>praesertim</span> <span class='ocrx_word' id='word_1_147' title='bbox 675 2049 866 2124; x_wconf 83' lang='lat' dir='ltr'>Capitolium,</span> <span class='ocrx_word' id='word_1_148' title='bbox 879 2049 933 2106; x_wconf 87' lang='lat' dir='ltr'>sub</span> <span class='ocrx_word' id='word_1_149' title='bbox 942 2049 1010 2105; x_wconf 87' lang='lat' dir='ltr'>Tito</span> <span class='ocrx_word' id='word_1_150' title='bbox 1024 2065 1124 2105; x_wconf 86' lang='lat' dir='ltr'>rursus</span> <span class='ocrx_word' id='word_1_151' title='bbox 1136 2058 1277 2104; x_wconf 82' lang='lat' dir='ltr'>exustum</span> <span class='ocrx_word' id='word_1_152' title='bbox 1292 2049 1336 2106; x_wconf 84' lang='lat' dir='ltr'>Cl.</span> <span class='ocrx_word' id='word_1_153' title='bbox 1351 2047 1432 2121; x_wconf 74' lang='lat' dir='ltr'>inira,</span> 
     </span>
     <span class='ocr_line' id='line_1_19' title="bbox 376 2139 1434 2220; baseline 0.001 -23"><span class='ocrx_word' id='word_1_154' title='bbox 376 2159 426 2212; x_wconf 81' lang='lat' dir='ltr'>rr,</span> <span class='ocrx_word' id='word_1_155' title='bbox 443 2157 508 2198; x_wconf 82' lang='lat' dir='ltr'>roa.</span> <span class='ocrx_word' id='word_1_156' title='bbox 523 2139 613 2214; x_wconf 88' lang='lat' dir='ltr'>Quod</span> <span class='ocrx_word' id='word_1_157' title='bbox 625 2141 722 2217; x_wconf 85' lang='lat' dir='ltr'>ipsum</span> <span class='ocrx_word' id='word_1_158' title='bbox 736 2160 773 2199; x_wconf 89' lang='lat' dir='ltr'>an</span> <span class='ocrx_word' id='word_1_159' title='bbox 787 2143 816 2199; x_wconf 92' lang='lat' dir='ltr'>b.</span> <span class='ocrx_word' id='word_1_160' title='bbox 831 2145 850 2199; x_wconf 92' lang='lat' dir='ltr'>l.</span> <span class='ocrx_word' id='word_1_161' title='bbox 865 2140 1085 2220; x_wconf 79' lang='lat' dir='ltr'>intelligendum</span> <span class='ocrx_word' id='word_1_162' title='bbox 1096 2141 1146 2213; x_wconf 89' lang='lat' dir='ltr'>sit,</span> <span class='ocrx_word' id='word_1_163' title='bbox 1158 2141 1286 2198; x_wconf 83' lang='lat' dir='ltr'>dubitari</span> <span class='ocrx_word' id='word_1_164' title='bbox 1298 2141 1387 2199; x_wconf 88' lang='lat' dir='ltr'>debet</span> <span class='ocrx_word' id='word_1_165' title='bbox 1395 2141 1434 2198; x_wconf 92' lang='lat' dir='ltr'>ob</span> 
     </span>
     <span class='ocr_line' id='line_1_20' title="bbox 376 2233 1434 2310; baseline 0 -20"><span class='ocrx_word' id='word_1_166' title='bbox 376 2251 441 2290; x_wconf 77' lang='lat' dir='ltr'>voc.</span> <span class='ocrx_word' id='word_1_167' title='bbox 456 2247 645 2310; x_wconf 77' lang='lat' dir='ltr'>prospectare</span> <span class='ocrx_word' id='word_1_168' title='bbox 670 2245 700 2292; x_wconf 87' lang='lat' dir='ltr'>et</span> <span class='ocrx_word' id='word_1_169' title='bbox 723 2233 899 2292; x_wconf 89' lang='lat' dir='ltr'>mentionem</span> <span class='ocrx_word' id='word_1_170' title='bbox 916 2235 1021 2308; x_wconf 74' lang='lat' dir='ltr'>Vesta,</span> <span class='ocrx_word' id='word_1_171' title='bbox 1043 2235 1125 2308; x_wconf 83' lang='lat' dir='ltr'>cujus</span> <span class='ocrx_word' id='word_1_172' title='bbox 1149 2236 1289 2310; x_wconf 87' lang='lat' dir='ltr'>templum</span> <span class='ocrx_word' id='word_1_173' title='bbox 1306 2235 1434 2309; x_wconf 84' lang='lat' dir='ltr'>palatino</span> 
     </span>
     <span class='ocr_line' id='line_1_21' title="bbox 376 2326 1394 2404; baseline 0.002 -22"><span class='ocrx_word' id='word_1_174' title='bbox 376 2326 470 2383; x_wconf 81' lang='lat' dir='ltr'>monti</span> <span class='ocrx_word' id='word_1_175' title='bbox 485 2327 607 2402; x_wconf 91' lang='lat' dir='ltr'>propius</span> <span class='ocrx_word' id='word_1_176' title='bbox 625 2327 785 2401; x_wconf 80' lang='lat' dir='ltr'>adjacebat</span> <span class='ocrx_word' id='word_1_177' title='bbox 802 2329 938 2386; x_wconf 87' lang='lat' dir='ltr'>Ceterum</span> <span class='ocrx_word' id='word_1_178' title='bbox 951 2329 988 2385; x_wconf 76' lang='lat' dir='ltr'>cf.</span> <span class='ocrx_word' id='word_1_179' title='bbox 1005 2327 1096 2400; x_wconf 80' lang='lat' dir='ltr'>infra,</span> <span class='ocrx_word' id='word_1_180' title='bbox 1115 2344 1169 2399; x_wconf 86' lang='lat' dir='ltr'>m,</span> <span class='ocrx_word' id='word_1_181' title='bbox 1186 2335 1219 2399; x_wconf 70' lang='lat'>4,</span> <span class='ocrx_word' id='word_1_182' title='bbox 1234 2345 1262 2384; x_wconf 84' lang='lat' dir='ltr'>v.</span> <span class='ocrx_word' id='word_1_183' title='bbox 1280 2335 1316 2400; x_wconf 71' lang='lat'>47</span> <span class='ocrx_word' id='word_1_184' title='bbox 1328 2347 1394 2404; x_wconf 83' lang='lat' dir='ltr'>sqq.</span> 
     </span>
    </p>

    <p class='ocr_par' dir='ltr' id='par_1_5' title="bbox 377 2413 1436 3030">
     <span class='ocr_line' id='line_1_22' title="bbox 417 2413 1435 2499; baseline -0.001 -21"><span class='ocrx_word' id='word_1_185' title='bbox 417 2421 614 2478; x_wconf 78' lang='lat' dir='ltr'>Admstoeus...</span> <span class='ocrx_word' id='word_1_186' title='bbox 631 2424 722 2478; x_wconf 79' lang='lat' dir='ltr'>Arion</span> <span class='ocrx_word' id='word_1_187' title='bbox 742 2423 784 2497; x_wconf 86' lang='lat' dir='ltr'>(v.</span> <span class='ocrx_word' id='word_1_188' title='bbox 801 2419 860 2499; x_wconf 76' lang='lat'><strong>52).</strong></span> <span class='ocrx_word' id='word_1_189' title='bbox 876 2413 993 2478; x_wconf 76' lang='lat' dir='ltr'>Adrasti</span> <span class='ocrx_word' id='word_1_190' title='bbox 1005 2437 1113 2496; x_wconf 83' lang='lat' dir='ltr'>equus,</span> <span class='ocrx_word' id='word_1_191' title='bbox 1130 2419 1166 2477; x_wconf 90' lang='lat' dir='ltr'>de</span> <span class='ocrx_word' id='word_1_192' title='bbox 1187 2437 1249 2495; x_wconf 82' lang='lat' dir='ltr'>quo</span> <span class='ocrx_word' id='word_1_193' title='bbox 1268 2419 1372 2490; x_wconf 68' lang='lat' dir='ltr'>rheu,</span> <span class='ocrx_word' id='word_1_194' title='bbox 1389 2441 1435 2493; x_wconf 81' lang='lat' dir='ltr'>vr,</span> 
     </span>
     <span class='ocr_line' id='line_1_23' title="bbox 379 2511 1434 2592; baseline -0.002 -21"><span class='ocrx_word' id='word_1_195' title='bbox 379 2513 434 2571; x_wconf 82' lang='lat'>3⁰1</span> <span class='ocrx_word' id='word_1_196' title='bbox 456 2530 537 2587; x_wconf 63' lang='lat' dir='ltr'>sqq„</span> <span class='ocrx_word' id='word_1_197' title='bbox 563 2520 592 2569; x_wconf 86' lang='lat' dir='ltr'>et</span> <span class='ocrx_word' id='word_1_198' title='bbox 609 2513 835 2588; x_wconf 79' lang='lat' dir='ltr'>Schellenbergii</span> <span class='ocrx_word' id='word_1_199' title='bbox 848 2513 1026 2581; x_wconf 66' lang='lat' dir='ltr'>Aretimocli„</span> <span class='ocrx_word' id='word_1_200' title='bbox 1044 2531 1074 2588; x_wconf 95' lang='lat' dir='ltr'>p.</span> <span class='ocrx_word' id='word_1_201' title='bbox 1097 2511 1135 2570; x_wconf 81' lang='lat'>65</span> <span class='ocrx_word' id='word_1_202' title='bbox 1161 2531 1226 2588; x_wconf 86' lang='lat' dir='ltr'>sqq.</span> <span class='ocrx_word' id='word_1_203' title='bbox 1246 2545 1287 2555; x_wconf 93' lang='lat'>—</span> <span class='ocrx_word' id='word_1_204' title='bbox 1306 2512 1434 2592; x_wconf 61' lang='lat' dir='ltr'>esrum</span> 
     </span>
     <span class='ocr_line' id='line_1_24' title="bbox 378 2605 1436 2683; baseline 0 -21"><span class='ocrx_word' id='word_1_205' title='bbox 378 2623 443 2662; x_wconf 90' lang='lat' dir='ltr'>cum</span> <span class='ocrx_word' id='word_1_206' title='bbox 457 2605 592 2676; x_wconf 81' lang='lat' dir='ltr'>Xantho,</span> <span class='ocrx_word' id='word_1_207' title='bbox 603 2605 814 2662; x_wconf 86' lang='lat' dir='ltr'>Dioscurorum</span> <span class='ocrx_word' id='word_1_208' title='bbox 829 2605 899 2682; x_wconf 87' lang='lat' dir='ltr'>equi</span> <span class='ocrx_word' id='word_1_209' title='bbox 915 2607 1043 2664; x_wconf 84' lang='lat' dir='ltr'>:Noster</span> <span class='ocrx_word' id='word_1_210' title='bbox 1058 2607 1203 2683; x_wconf 84' lang='lat' dir='ltr'>cyllarum</span> <span class='ocrx_word' id='word_1_211' title='bbox 1222 2607 1374 2681; x_wconf 87' lang='lat' dir='ltr'>utriusque</span> <span class='ocrx_word' id='word_1_212' title='bbox 1386 2625 1436 2662; x_wconf 89' lang='lat' dir='ltr'>so-</span> 
     </span>
     <span class='ocr_line' id='line_1_25' title="bbox 378 2695 1435 2774; baseline 0.002 -21"><span class='ocrx_word' id='word_1_213' title='bbox 378 2696 438 2754; x_wconf 86' lang='lat' dir='ltr'>lnm</span> <span class='ocrx_word' id='word_1_214' title='bbox 451 2695 530 2753; x_wconf 77' lang='lat' dir='ltr'>dicit„</span> <span class='ocrx_word' id='word_1_215' title='bbox 545 2697 604 2755; x_wconf 84' lang='lat' dir='ltr'>Sed</span> <span class='ocrx_word' id='word_1_216' title='bbox 616 2696 810 2774; x_wconf 76' lang='lat' dir='ltr'>mythologice</span> <span class='ocrx_word' id='word_1_217' title='bbox 826 2699 886 2755; x_wconf 76' lang='lat' dir='ltr'>bac</span> <span class='ocrx_word' id='word_1_218' title='bbox 903 2697 935 2754; x_wconf 92' lang='lat' dir='ltr'>in</span> <span class='ocrx_word' id='word_1_219' title='bbox 947 2709 1049 2756; x_wconf 85' lang='lat' dir='ltr'>nostro</span> <span class='ocrx_word' id='word_1_220' title='bbox 1062 2709 1149 2774; x_wconf 89' lang='lat' dir='ltr'>poeta</span> <span class='ocrx_word' id='word_1_221' title='bbox 1161 2698 1345 2755; x_wconf 87' lang='lat' dir='ltr'>nimismulta</span> <span class='ocrx_word' id='word_1_222' title='bbox 1354 2711 1435 2770; x_wconf 84' lang='lat' dir='ltr'>sunt,</span> 
     </span>
     <span class='ocr_line' id='line_1_26' title="bbox 378 2788 1436 2866; baseline 0.003 -21"><span class='ocrx_word' id='word_1_223' title='bbox 378 2807 465 2864; x_wconf 60' lang='lat' dir='ltr'>Qum</span> <span class='ocrx_word' id='word_1_224' title='bbox 473 2798 507 2845; x_wconf 89' lang='lat' dir='ltr'>ut</span> <span class='ocrx_word' id='word_1_225' title='bbox 518 2788 549 2845; x_wconf 85' lang='lat' dir='ltr'>in</span> <span class='ocrx_word' id='word_1_226' title='bbox 561 2789 700 2846; x_wconf 82' lang='lat' dir='ltr'>brevibus</span> <span class='ocrx_word' id='word_1_227' title='bbox 713 2790 876 2848; x_wconf 87' lang='lat' dir='ltr'>biscenotis</span> <span class='ocrx_word' id='word_1_228' title='bbox 890 2791 1002 2866; x_wconf 82' lang='lat' dir='ltr'>possint</span> <span class='ocrx_word' id='word_1_229' title='bbox 1016 2790 1162 2866; x_wconf 83' lang='lat' dir='ltr'>explicari.</span> <span class='ocrx_word' id='word_1_230' title='bbox 1177 2793 1274 2863; x_wconf 81' lang='lat' dir='ltr'>Quare</span> <span class='ocrx_word' id='word_1_231' title='bbox 1292 2789 1436 2864; x_wconf 87' lang='lat' dir='ltr'>ejusmodi</span> 
     </span>
     <span class='ocr_line' id='line_1_27' title="bbox 377 2880 1434 2957; baseline 0.004 -20"><span class='ocrx_word' id='word_1_232' title='bbox 377 2899 424 2938; x_wconf 82' lang='lat' dir='ltr'>res</span> <span class='ocrx_word' id='word_1_233' title='bbox 442 2880 473 2937; x_wconf 88' lang='lat' dir='ltr'>in</span> <span class='ocrx_word' id='word_1_234' title='bbox 494 2893 643 2957; x_wconf 86' lang='lat' dir='ltr'>posterum</span> <span class='ocrx_word' id='word_1_235' title='bbox 666 2883 839 2956; x_wconf 85' lang='lat' dir='ltr'>omittimus,</span> <span class='ocrx_word' id='word_1_236' title='bbox 862 2883 919 2940; x_wconf 89' lang='lat' dir='ltr'>nisi</span> <span class='ocrx_word' id='word_1_237' title='bbox 945 2883 1021 2941; x_wconf 82' lang='lat' dir='ltr'>torte</span> <span class='ocrx_word' id='word_1_238' title='bbox 1041 2883 1093 2940; x_wconf 91' lang='lat' dir='ltr'>ubi</span> <span class='ocrx_word' id='word_1_239' title='bbox 1115 2883 1209 2956; x_wconf 86' lang='lat' dir='ltr'>major</span> <span class='ocrx_word' id='word_1_240' title='bbox 1230 2882 1333 2940; x_wconf 85' lang='lat' dir='ltr'>incidit</span> <span class='ocrx_word' id='word_1_241' title='bbox 1355 2881 1434 2941; x_wconf 83' lang='lat' dir='ltr'>diffi-</span> 
     </span>
     <span class='ocr_line' id='line_1_28' title="bbox 378 2973 476 3030; baseline 0.01 -1"><span class='ocrx_word' id='word_1_242' title='bbox 378 2973 476 3030; x_wconf 85' lang='lat' dir='ltr'>cultas.</span> 
     </span>
    </p>

    <p class='ocr_par' dir='ltr' id='par_1_6' title="bbox 377 3063 1433 3607">
     <span class='ocr_line' id='line_1_29' title="bbox 419 3063 1432 3143; baseline 0.003 -23"><span class='ocrx_word' id='word_1_243' title='bbox 419 3063 457 3141; x_wconf 79' lang='lat' dir='ltr'>(v.</span> <span class='ocrx_word' id='word_1_244' title='bbox 473 3063 535 3143; x_wconf 66' lang='lat'><strong>64.)</strong></span> <span class='ocrx_word' id='word_1_245' title='bbox 547 3066 583 3122; x_wconf 88' lang='lat' dir='ltr'>ln</span> <span class='ocrx_word' id='word_1_246' title='bbox 598 3067 730 3124; x_wconf 87' lang='lat' dir='ltr'>hocloco</span> <span class='ocrx_word' id='word_1_247' title='bbox 743 3065 898 3142; x_wconf 90' lang='lat' dir='ltr'>impedito,</span> <span class='ocrx_word' id='word_1_248' title='bbox 915 3065 967 3142; x_wconf 82' lang='lat' dir='ltr'>qui</span> <span class='ocrx_word' id='word_1_249' title='bbox 981 3067 1041 3124; x_wconf 80' lang='lat' dir='ltr'>fere</span> <span class='ocrx_word' id='word_1_250' title='bbox 1055 3065 1092 3123; x_wconf 85' lang='lat' dir='ltr'>ad</span> <span class='ocrx_word' id='word_1_251' title='bbox 1101 3067 1183 3124; x_wconf 83' lang='lat' dir='ltr'><strong>MSS.</strong></span> <span class='ocrx_word' id='word_1_252' title='bbox 1199 3065 1374 3141; x_wconf 84' lang='lat' dir='ltr'>scripturam</span> <span class='ocrx_word' id='word_1_253' title='bbox 1384 3085 1432 3123; x_wconf 87' lang='lat' dir='ltr'>ex·</span> 
     </span>
     <span class='ocr_line' id='line_1_30' title="bbox 378 3155 1433 3236; baseline -0.001 -23"><span class='ocrx_word' id='word_1_254' title='bbox 378 3173 492 3232; x_wconf 85' lang='lat' dir='ltr'>pressus</span> <span class='ocrx_word' id='word_1_255' title='bbox 515 3165 579 3230; x_wconf 90' lang='lat' dir='ltr'>est,</span> <span class='ocrx_word' id='word_1_256' title='bbox 596 3158 683 3236; x_wconf 76' lang='lat' dir='ltr'>longe</span> <span class='ocrx_word' id='word_1_257' title='bbox 700 3158 859 3234; x_wconf 89' lang='lat' dir='ltr'>plurimum</span> <span class='ocrx_word' id='word_1_258' title='bbox 881 3159 987 3233; x_wconf 89' lang='lat' dir='ltr'>speciei</span> <span class='ocrx_word' id='word_1_259' title='bbox 1004 3159 1093 3216; x_wconf 85' lang='lat' dir='ltr'>habet</span> <span class='ocrx_word' id='word_1_260' title='bbox 1111 3157 1218 3216; x_wconf 86' lang='lat' dir='ltr'>Handii</span> <span class='ocrx_word' id='word_1_261' title='bbox 1239 3155 1408 3232; x_wconf 82' lang='lat' dir='ltr'>conjectura</span> <span class='ocrx_word' id='word_1_262' title='bbox 1426 3177 1433 3212; x_wconf 74' lang='grc' dir='ltr'><em>τ</em></span> 
     </span>
     <span class='ocr_line' id='line_1_31' title="bbox 379 3247 1432 3330; baseline 0.006 -29"><span class='ocrx_word' id='word_1_263' title='bbox 379 3248 512 3325; x_wconf 79' lang='lat' dir='ltr'>«Strepit</span> <span class='ocrx_word' id='word_1_264' title='bbox 524 3249 616 3308; x_wconf 81' lang='lat' dir='ltr'>ardua</span> <span class='ocrx_word' id='word_1_265' title='bbox 634 3251 721 3326; x_wconf 85' lang='lat' dir='ltr'>pulsu</span> <span class='ocrx_word' id='word_1_266' title='bbox 742 3251 891 3324; x_wconf 87' lang='lat' dir='ltr'>Machina;</span> <span class='ocrx_word' id='word_1_267' title='bbox 912 3251 1068 3308; x_wconf 87' lang='lat' dir='ltr'>continuus</span> <span class='ocrx_word' id='word_1_268' title='bbox 1087 3250 1138 3325; x_wconf 74' lang='lat' dir='ltr'>(sio</span> <span class='ocrx_word' id='word_1_269' title='bbox 1157 3251 1240 3308; x_wconf 84' lang='lat' dir='ltr'>MSS.</span> <span class='ocrx_word' id='word_1_270' title='bbox 1259 3247 1371 3330; x_wconf 86' lang='lat' dir='ltr'>omnes)</span> <span class='ocrx_word' id='word_1_271' title='bbox 1387 3269 1432 3307; x_wconf 86' lang='lat' dir='ltr'>se-</span> 
     </span>
     <span class='ocr_line' id='line_1_32' title="bbox 377 3341 1432 3422; baseline 0.001 -25"><span class='ocrx_word' id='word_1_272' title='bbox 377 3351 457 3416; x_wconf 88' lang='lat' dir='ltr'>ptem</span> <span class='ocrx_word' id='word_1_273' title='bbox 469 3360 524 3417; x_wconf 87' lang='lat' dir='ltr'>per</span> <span class='ocrx_word' id='word_1_274' title='bbox 532 3343 656 3400; x_wconf 89' lang='lat' dir='ltr'>culmina</span> <span class='ocrx_word' id='word_1_275' title='bbox 669 3347 741 3401; x_wconf 83' lang='lat' dir='ltr'>coelo</span> <span class='ocrx_word' id='word_1_276' title='bbox 755 3343 783 3400; x_wconf 91' lang='lat' dir='ltr'>It</span> <span class='ocrx_word' id='word_1_277' title='bbox 797 3343 927 3422; x_wconf 76' lang='lat' dir='ltr'>fragor.»</span> <span class='ocrx_word' id='word_1_278' title='bbox 940 3345 1048 3401; x_wconf 78' lang='lat' dir='ltr'>Glossae</span> <span class='ocrx_word' id='word_1_279' title='bbox 1061 3341 1137 3401; x_wconf 71' lang='lat' dir='ltr'>cmm</span> <span class='ocrx_word' id='word_1_280' title='bbox 1151 3342 1270 3419; x_wconf 87' lang='lat' dir='ltr'>quando</span> <span class='ocrx_word' id='word_1_281' title='bbox 1282 3353 1432 3418; x_wconf 83' lang='lat' dir='ltr'>poetarum</span> 
     </span>
     <span class='ocr_line' id='line_1_33' title="bbox 377 3433 1433 3514; baseline 0.001 -25"><span class='ocrx_word' id='word_1_282' title='bbox 377 3451 477 3491; x_wconf 75' lang='lat' dir='ltr'>versus</span> <span class='ocrx_word' id='word_1_283' title='bbox 497 3435 676 3508; x_wconf 81' lang='lat' dir='ltr'>invaserant,</span> <span class='ocrx_word' id='word_1_284' title='bbox 689 3435 727 3493; x_wconf 91' lang='lat' dir='ltr'>ad</span> <span class='ocrx_word' id='word_1_285' title='bbox 741 3433 927 3514; x_wconf 79' lang='lat' dir='ltr'>relingendos</span> <span class='ocrx_word' id='word_1_286' title='bbox 938 3437 1089 3513; x_wconf 78' lang='lat' dir='ltr'>rhythmos</span> <span class='ocrx_word' id='word_1_287' title='bbox 1103 3455 1165 3494; x_wconf 88' lang='lat' dir='ltr'>non</span> <span class='ocrx_word' id='word_1_288' title='bbox 1180 3435 1287 3493; x_wconf 87' lang='lat' dir='ltr'>raroin</span> <span class='ocrx_word' id='word_1_289' title='bbox 1304 3435 1433 3492; x_wconf 85' lang='lat' dir='ltr'>exsilium</span> 
     </span>
     <span class='ocr_line' id='line_1_34' title="bbox 378 3525 1433 3607; baseline 0 -23"><span class='ocrx_word' id='word_1_290' title='bbox 378 3527 518 3603; x_wconf 79' lang='lat' dir='ltr'>agebatur</span> <span class='ocrx_word' id='word_1_291' title='bbox 535 3525 684 3606; x_wconf 83' lang='lat' dir='ltr'>indigens,</span> <span class='ocrx_word' id='word_1_292' title='bbox 699 3529 841 3587; x_wconf 83' lang='lat' dir='ltr'>civitatem</span> <span class='ocrx_word' id='word_1_293' title='bbox 864 3529 1015 3588; x_wconf 82' lang='lat' dir='ltr'>obtinebat</span> <span class='ocrx_word' id='word_1_294' title='bbox 1035 3531 1157 3588; x_wconf 79' lang='lat' dir='ltr'>verbum</span> <span class='ocrx_word' id='word_1_295' title='bbox 1173 3529 1368 3607; x_wconf 79' lang='lat' dir='ltr'>peregrinum.</span> <span class='ocrx_word' id='word_1_296' title='bbox 1387 3529 1433 3584; x_wconf 89' lang='lat' dir='ltr'>Sic</span> 
     </span>
    </p>
   </div>
   <div class='ocr_carea' id='block_1_3' title="bbox 270 3619 1434 4158">
    <p class='ocr_par' dir='ltr' id='par_1_7' title="bbox 270 3619 1433 3886">
     <span class='ocr_line' id='line_1_35' title="bbox 378 3619 1433 3702; baseline 0.002 -27"><span class='ocrx_word' id='word_1_297' title='bbox 378 3619 505 3693; x_wconf 89' lang='lat' dir='ltr'>optimus</span> <span class='ocrx_word' id='word_1_298' title='bbox 518 3619 649 3696; x_wconf 83' lang='lat' dir='ltr'>alioquin</span> <span class='ocrx_word' id='word_1_299' title='bbox 664 3621 757 3702; x_wconf 82' lang='lat' dir='ltr'>codex</span> <span class='ocrx_word' id='word_1_300' title='bbox 769 3623 902 3697; x_wconf 83' lang='lat' dir='ltr'>Horatii,</span> <span class='ocrx_word' id='word_1_301' title='bbox 918 3643 979 3699; x_wconf 87' lang='lat' dir='ltr'>quo</span> <span class='ocrx_word' id='word_1_302' title='bbox 993 3623 1120 3681; x_wconf 88' lang='lat' dir='ltr'>editores</span> <span class='ocrx_word' id='word_1_303' title='bbox 1135 3623 1269 3680; x_wconf 89' lang='lat' dir='ltr'>nondum</span> <span class='ocrx_word' id='word_1_304' title='bbox 1283 3623 1330 3679; x_wconf 91' lang='lat' dir='ltr'>usi</span> <span class='ocrx_word' id='word_1_305' title='bbox 1351 3634 1433 3693; x_wconf 87' lang='lat' dir='ltr'>sunt,</span> 
     </span>
     <span class='ocr_line' id='line_1_36' title="bbox 381 3711 1433 3796; baseline 0.001 -27"><span class='ocrx_word' id='word_1_306' title='bbox 381 3711 479 3796; x_wconf 54' lang='lat' dir='ltr'>Sans,</span> <span class='ocrx_word' id='word_1_307' title='bbox 496 3731 545 3786; x_wconf 86' lang='lat' dir='ltr'>ro,</span> <span class='ocrx_word' id='word_1_308' title='bbox 563 3714 600 3771; x_wconf 76' lang='lat'>38</span> <span class='ocrx_word' id='word_1_309' title='bbox 608 3757 617 3786; x_wconf 96' lang='lat'>,</span> <span class='ocrx_word' id='word_1_310' title='bbox 632 3739 645 3766; x_wconf 83' lang='grc' dir='ltr'>ι</span> <span class='ocrx_word' id='word_1_311' title='bbox 653 3715 752 3788; x_wconf 86' lang='lat' dir='ltr'>judice</span> <span class='ocrx_word' id='word_1_312' title='bbox 762 3733 880 3773; x_wconf 75' lang='lat' dir='ltr'>coram·</span> <span class='ocrx_word' id='word_1_313' title='bbox 894 3717 1068 3792; x_wconf 77' lang='lat' dir='ltr'>praebetpro</span> <span class='ocrx_word' id='word_1_314' title='bbox 1082 3743 1094 3769; x_wconf 68' lang='lat' dir='ltr'>a</span> <span class='ocrx_word' id='word_1_315' title='bbox 1102 3715 1201 3790; x_wconf 82' lang='lat' dir='ltr'>judice</span> <span class='ocrx_word' id='word_1_316' title='bbox 1209 3715 1315 3790; x_wconf 85' lang='lat' dir='ltr'>Tarpa.</span> <span class='ocrx_word' id='word_1_317' title='bbox 1327 3739 1340 3766; x_wconf 70' lang='lat' dir='ltr'>n</span> <span class='ocrx_word' id='word_1_318' title='bbox 1354 3715 1392 3771; x_wconf 84' lang='lat' dir='ltr'>Et</span> <span class='ocrx_word' id='word_1_319' title='bbox 1405 3714 1433 3770; x_wconf 91' lang='lat' dir='ltr'>in</span> 
     </span>
     <span class='ocr_line' id='line_1_37' title="bbox 270 3805 1200 3886; baseline 0.002 -28"><span class='ocrx_word' id='word_1_320' title='bbox 270 3877 278 3886; x_wconf 32' lang='lat'>⁸</span> <span class='ocrx_word' id='word_1_321' title='bbox 377 3811 479 3860; x_wconf 81' lang='lat' dir='ltr'>nostro</span> <span class='ocrx_word' id='word_1_322' title='bbox 494 3806 561 3862; x_wconf 92' lang='lat' dir='ltr'>loco</span> <span class='ocrx_word' id='word_1_323' title='bbox 578 3819 760 3882; x_wconf 70' lang='lat' dir='ltr'>processerat</span> <span class='ocrx_word' id='word_1_324' title='bbox 774 3827 801 3863; x_wconf 85' lang='lat' dir='ltr'>v.</span> <span class='ocrx_word' id='word_1_325' title='bbox 819 3805 879 3883; x_wconf 83' lang='lat'>59:</span> <span class='ocrx_word' id='word_1_326' title='bbox 896 3809 1041 3865; x_wconf 79' lang='lat' dir='ltr'>«culnrina</span> <span class='ocrx_word' id='word_1_327' title='bbox 1054 3809 1170 3865; x_wconf 85' lang='lat' dir='ltr'>montis.</span> <span class='ocrx_word' id='word_1_328' title='bbox 1186 3831 1200 3860; x_wconf 77' lang='grc' dir='ltr'>ι</span> 
     </span>
    </p>

    <p class='ocr_par' dir='ltr' id='par_1_8' title="bbox 380 3897 1434 4158">
     <span class='ocr_line' id='line_1_38' title="bbox 418 3897 1434 3979; baseline 0.002 -25"><span class='ocrx_word' id='word_1_329' title='bbox 418 3897 491 3954; x_wconf 85' lang='lat' dir='ltr'>Loci</span> <span class='ocrx_word' id='word_1_330' title='bbox 503 3911 594 3954; x_wconf 75' lang='lat' dir='ltr'>cautos</span> <span class='ocrx_word' id='word_1_331' title='bbox 616 3901 653 3976; x_wconf 81' lang='lat' dir='ltr'>(v.</span> <span class='ocrx_word' id='word_1_332' title='bbox 673 3900 738 3979; x_wconf 89' lang='grc'>66).</span> <span class='ocrx_word' id='word_1_333' title='bbox 754 3900 871 3958; x_wconf 89' lang='lat' dir='ltr'>Curtius</span> <span class='ocrx_word' id='word_1_334' title='bbox 889 3901 966 3958; x_wconf 87' lang='lat' dir='ltr'>inter</span> <span class='ocrx_word' id='word_1_335' title='bbox 979 3901 1070 3958; x_wconf 78' lang='lat' dir='ltr'>Divos</span> <span class='ocrx_word' id='word_1_336' title='bbox 1085 3903 1205 3972; x_wconf 76' lang='lat' dir='ltr'>relatus,</span> <span class='ocrx_word' id='word_1_337' title='bbox 1227 3919 1336 3957; x_wconf 89' lang='lat' dir='ltr'>numen</span> <span class='ocrx_word' id='word_1_338' title='bbox 1355 3901 1434 3956; x_wconf 77' lang='lat' dir='ltr'>lactis</span> 
     </span>
     <span class='ocr_line' id='line_1_39' title="bbox 381 3988 1434 4069; baseline 0.003 -24"><span class='ocrx_word' id='word_1_339' title='bbox 381 3989 471 4046; x_wconf 87' lang='lat' dir='ltr'>Curtii</span> <span class='ocrx_word' id='word_1_340' title='bbox 479 3988 526 4046; x_wconf 91' lang='lat' dir='ltr'>siti</span> <span class='ocrx_word' id='word_1_341' title='bbox 539 3990 652 4049; x_wconf 83' lang='lat' dir='ltr'>quoro</span> <span class='ocrx_word' id='word_1_342' title='bbox 660 4011 754 4068; x_wconf 86' lang='lat' dir='ltr'>prope</span> <span class='ocrx_word' id='word_1_343' title='bbox 768 4012 884 4068; x_wconf 83' lang='lat' dir='ltr'>equum.</span> <span class='ocrx_word' id='word_1_344' title='bbox 894 3994 969 4051; x_wconf 82' lang='lat' dir='ltr'>vide</span> <span class='ocrx_word' id='word_1_345' title='bbox 976 3997 1162 4069; x_wconf 71' lang='lat' dir='ltr'>Vernos.,p.</span> <span class='ocrx_word' id='word_1_346' title='bbox 1173 3991 1220 4064; x_wconf 79' lang='lat'>25,</span> <span class='ocrx_word' id='word_1_347' title='bbox 1229 3993 1275 4050; x_wconf 86' lang='lat' dir='ltr'>ed.</span> <span class='ocrx_word' id='word_1_348' title='bbox 1285 3992 1434 4062; x_wconf 84' lang='lat' dir='ltr'>Gotbolr.,</span> 
     </span>
     <span class='ocr_line' id='line_1_40' title="bbox 380 4083 970 4158; baseline 0.01 -22"><span class='ocrx_word' id='word_1_349' title='bbox 380 4092 407 4137; x_wconf 92' lang='lat' dir='ltr'>et</span> <span class='ocrx_word' id='word_1_350' title='bbox 423 4083 548 4158; x_wconf 80' lang='lat' dir='ltr'>interpp.</span> <span class='ocrx_word' id='word_1_351' title='bbox 564 4085 653 4158; x_wconf 78' lang='lat' dir='ltr'>Festi,</span> <span class='ocrx_word' id='word_1_352' title='bbox 668 4105 689 4142; x_wconf 86' lang='lat' dir='ltr'>s.</span> <span class='ocrx_word' id='word_1_353' title='bbox 708 4104 736 4140; x_wconf 75' lang='lat' dir='ltr'>r.</span> <span class='ocrx_word' id='word_1_354' title='bbox 756 4085 867 4142; x_wconf 81' lang='lat' dir='ltr'>Curtius</span> <span class='ocrx_word' id='word_1_355' title='bbox 882 4089 970 4144; x_wconf 80' lang='lat' dir='ltr'>lacus.</span> 
     </span>
    </p>
   </div>
   <div class='ocr_carea' id='block_1_4' title="bbox 0 0 1607 5142">
    <p class='ocr_par' dir='ltr' id='par_1_9' title="bbox 0 0 1607 5142">
     <span class='ocr_line' id='line_1_41' title="bbox 0 0 1607 5142; baseline 0 0"><span class='ocrx_word' id='word_1_356' title='bbox 0 0 1607 5142; x_wconf 95' lang='lat' dir='ltr'> </span> 
     </span>
    </p>
   </div>
  </div>
 </body>
</html>
