3094 5140
395 457 453 515 250
708 444 923 516 turannos
943 459 1055 516 cmm
1075 461 1142 516 xu.
1340 467 1377 527 (ι.
1390 473 1458 534 πε.)

393 582 561 679 stelligeri
577 584 682 678 jubar
701 608 803 652 omne
821 584 892 679 poli
910 611 919 654 ε
936 587 1007 680 jam
1027 587 1181 658 cominus
1200 589 1279 684 ipsae

391 703 521 775 Pabula
538 704 611 775 dira
628 706 724 791 ferae,
741 731 966 802 campumque
980 708 1084 777 odere
1099 707 1254 779 volucres

393 828 584 920 spirantem
605 827 700 915 tabo,
718 841 752 896 ct
769 826 910 912 crelam,
929 839 1117 923 ventosque
1134 848 1343 924 gravantem.

392 949 568 1037 Quantum
587 950 711 1019 etenim
729 973 902 1044 superesse
918 950 1016 1020 rear?
1032 950 1124 1020 nuda
1140 978 1231 1041 ossa,
1248 971 1454 1053 putremque

392 1071 502 1138 Urere
520 1069 694 1164 permittat
713 1071 866 1138 saniem:
884 1086 1085 1166 properate,
1104 1075 1241 1144 verendi

391 1189 588 1286 Cecropidae
607 1216 615 1258 :
636 1215 696 1260 vos
715 1192 777 1260 ista
798 1190 896 1260 decet
917 1190 1082 1280 vindicta,
1101 1197 1297 1290 priusquam

391 1313 557 1398 Emathii,
575 1312 789 1406 Thracesque
804 1311 937 1402 dolent,
956 1339 1098 1408 quaeque
1117 1331 1224 1386 exstat
1240 1319 1369 1414 ubique

278 1433 280 1438 ’
392 1438 487 1504 Gens
501 1459 618 1504 arsura
637 1436 744 1533 rogis,
760 1459 944 1530 manesque
962 1436 1121 1507 habitura
1138 1464 1325 1534 supremos.

390 1558 479 1627 Nam
498 1559 574 1650 quis
591 1556 653 1625 erit
672 1559 788 1625 saevire
808 1556 951 1628 modus?
970 1556 1195 1629 bellavimus:
1212 1577 1302 1644 esto;

391 1677 457 1746 Sed
474 1677 625 1746 cecidere
641 1678 736 1764 odia,
756 1693 791 1748 et
809 1679 920 1748 tristes
938 1705 1029 1749 mors
1048 1681 1163 1750 obruit
1181 1685 1256 1751 iras.

365 1845 370 1853 -
390 1802 443 1868 Tu
462 1822 616 1892 quoque,
634 1797 672 1867 ut
693 1800 845 1894 egregios
863 1797 952 1868 fama
970 1803 1191 1895 cognovimus
1210 1819 1326 1890 actus,

390 1921 469 1990 Non
489 1920 640 1989 trucibus
657 1921 816 1989 monstris
833 1921 930 1990 Sinin
949 1920 1193 2017 infandumque
1210 1922 1333 1994 dedisti

390 2044 581 2135 Cercyona,
598 2055 632 2109 et
649 2065 774 2110 saevum
794 2039 896 2110 velles
917 2044 1069 2136 Scyrona
1087 2058 1283 2114 crematum.

390 2161 500 2232 Credo
519 2177 552 2230 et
571 2164 765 2231 Amazoniis
781 2163 911 2230 Tanain
930 2162 1075 2232 fumasse
1091 2163 1271 2258 sepulcris,
1331 2183 1336 2189 ’

389 2283 490 2354 Unde
504 2283 575 2352 haec
589 2307 684 2354 arma
701 2283 805 2352 relers
817 2309 825 2351 :
839 2283 898 2352 sed
916 2298 950 2364 et
960 2283 1052 2353 hunc
1066 2284 1207 2379 dignare
1222 2287 1444 2382 triumphum.

389 2409 442 2475 Da
461 2406 558 2474 terris
576 2429 700 2494 unum,
718 2402 885 2498 coeloque,
901 2406 1079 2499 Ereboque
1095 2405 1245 2475 laborem
1263 2433 1272 2474 :

389 2527 424 2593 Si
443 2527 590 2620 patrium
611 2526 816 2596 Marathona
836 2541 946 2614 metu,
966 2527 993 2595 si
1015 2541 1102 2597 tecta
1120 2525 1236 2596 levasti

388 2648 539 2735 Cressia,
560 2654 622 2716 nec
640 2645 729 2717 fudit
745 2671 849 2716 vanos
870 2672 954 2716 anus
973 2647 1107 2743 hospita
1125 2648 1234 2717 fletus.

389 2769 445 2836 Sic
464 2767 525 2836 tibi
544 2793 612 2837 non
632 2765 709 2837 ullae
730 2769 819 2838 socia
840 2770 912 2838 sine
930 2767 1066 2838 Pallade
1086 2795 1228 2864 pugnae,

389 2890 460 2960 Nec
476 2913 570 2958 sacer
587 2889 734 2958 invideat
754 2891 893 2984 paribus
910 2891 1109 2984 Tirynthius
1128 2893 1231 2979 actis,

390 3013 528 3105 Semper
545 3025 579 3079 ct
596 3011 630 3078 in
649 3035 771 3100 curru,
790 3035 922 3105 semper
941 3008 974 3081 te
990 3027 1099 3082 mater
1115 3029 1272 3082 ovantem

389 3134 530 3216 Cernat,
548 3146 582 3199 et
601 3133 734 3201 invictas
749 3131 797 3201 nil
816 3130 881 3202 tale
899 3147 1082 3227 precentur
1100 3133 1247 3203 Athenae.
1262 3165 1281 3198 s

437 3253 602 3321 Dixerat:
621 3254 793 3348 excipiunt
811 3268 958 3342 cunctae,
980 3254 1192 3349 tenduntque
1210 3273 1391 3350 precantes

389 3375 475 3440 Cum
495 3371 781 3442 clamoremanus
800 3375 943 3444 :rubuit
962 3375 1155 3470 Neptunius
1173 3377 1272 3445 heros

388 3497 564 3564 Pcrmotus
581 3494 736 3592 lacrymis
754 3521 762 3566 ε
779 3497 872 3590 justa
890 3523 969 3566 mox
988 3499 1141 3568 concitus
1159 3500 1207 3567 ira

388 3615 587 3686 Exclamat:
605 3648 622 3683 a
636 3619 800 3708 Quaenam
821 3620 886 3687 ista
904 3645 1009 3688 novos
1030 3618 1165 3688 induxit
1185 3620 1333 3715 Erinnys

388 3741 585 3832 Regnorum
605 3739 738 3808 mores?
757 3765 829 3810 non
845 3740 916 3810 haec
936 3765 1000 3835 ego
1019 3757 1156 3835 pectora
1176 3741 1260 3836 liqui

388 3861 572 3930 Graiorum
592 3861 791 3947 abscedens,
807 3861 979 3956 Scythiam
996 3877 1207 3956 pontumque
1225 3861 1372 3932 nivalem

388 3981 503 4069 Quum
525 3997 697 4076 peterem:
717 4008 826 4052 novus
845 3983 936 4052 unde
957 3982 1071 4051 furor?
1087 3987 1258 4053 victumne
1275 3986 1399 4077 putasti

387 4102 532 4192 Thesea,
554 4103 626 4172 dire
643 4104 781 4174 Creon?
798 4105 939 4174 adsum:
960 4131 1021 4196 nec
1039 4108 1203 4199 sanguine
1224 4105 1346 4174 fessum
