3200 5142
394 495 449 551 rz'rfr
772 492 1070 550 ,ruttoTATtOttEs

434 611 537 666 Adhuc
558 629 677 666 vacua...
699 611 769 666 Ρὶια
785 608 822 687 [v.
843 608 902 686 65).
921 612 997 666 Ante
1016 609 1144 684 positum
1165 610 1346 668 simrrlnorurn
1368 615 1457 670 lovis

393 703 546 780 Olympici.
1387 751 1392 758 .

436 797 525 854 Servii
540 794 578 874 (v.
595 793 657 871 75).
677 794 830 867 subjacet,
846 805 878 850 ut
892 795 1001 852 Plinius
1015 795 1045 852 in
1057 795 1172 870 picture
1181 797 1350 853 Tusculanae
1361 797 1455 870 villa,

394 891 489 965 Epist.
511 905 543 960 v,
557 887 590 960 6,
610 886 693 960 cujus
710 887 835 962 plurima
855 906 920 944 euru
939 898 1039 944 nostro
1060 887 1184 944 carmine
1200 888 1310 945 utiliter
1326 909 1452 966 coropa-

394 983 450 1040 ruri
464 992 623 1057 poterunt:
638 1004 654 1032 α
663 979 801 1038 Piscium
815 977 880 1056 quae
893 979 1022 1036 fenestris
1036 980 1124 1037 servit
1142 999 1174 1036 ac
1188 981 1327 1054 subjacet.
1336 1009 1348 1032 ι
1364 985 1414 1040 Sic
1420 971 1453 1040 in

395 1094 454 1152 seq.
469 1094 554 1132 versu
568 1073 653 1132 etium
660 1084 759 1148 paret.
773 1104 813 1115 -
827 1071 963 1148 Megalia
976 1083 1005 1129 et
1018 1075 1120 1130 Limon
1134 1074 1241 1148 praedie
1255 1086 1337 1133 erant
1354 1078 1451 1134 Pollii.

435 1169 560 1244 degitur
580 1163 617 1243 (v.
634 1165 692 1245 81).
711 1169 801 1224 Recte
821 1166 988 1222 Weberus:
1009 1166 1161 1224 eludioari
1178 1167 1295 1224 videtur
1317 1171 1452 1244 quedam

394 1259 502 1316 invidia
514 1257 657 1329 Iinronis,
672 1277 745 1334 segre
761 1258 792 1315 irl
806 1257 936 1330 serentis,
951 1257 975 1314 si
994 1257 1129 1316 dominus
1141 1259 1210 1316 alibi
1222 1271 1360 1317 versetur.
1374 1286 1386 1312 ι

436 1353 571 1426 Carystos
586 1349 623 1427 (v.
638 1347 700 1428 93).
714 1351 789 1408 Virle
803 1350 840 1408 ed
855 1370 881 1422 1,
898 1349 929 1421 5,
945 1351 991 1419 34.

436 1445 615 1502 Chalcidicas
629 1442 666 1519 (r.
681 1440 741 1518 94).
755 1444 831 1501 Vide
844 1443 882 1499 ad
898 1463 926 1514 r,
940 1462 975 1514 n,
989 1441 1058 1511 264.

435 1538 575 1594 Dicarchi
585 1539 691 1593 moerria
706 1535 743 1613 (v.
766 1535 830 1613 96)
846 1537 967 1594 Festus:
983 1536 1192 1592 «Dr'coearclria
1205 1537 1364 1594 vocabatur
1382 1559 1451 1613 quae

395 1650 471 1687 nunc
484 1630 613 1702 Puteoli,
623 1629 706 1706 quod
715 1649 749 1687 ea
762 1631 860 1688 civitas
878 1631 1026 1706 quondam
1034 1629 1186 1702 justissime
1200 1631 1422 1704 gruemrharur.
1438 1659 1450 1680 ι
1469 1677 1476 1687 .

397 1724 454 1780 Ubi
470 1723 537 1780 vide
552 1724 633 1794 inte,
651 1733 680 1779 et
694 1724 797 1779 Markl.
813 1723 851 1780 ad
864 1724 893 1778 h.
903 1724 922 1779 1.
943 1723 979 1779 de
993 1724 1085 1779 soruta
1097 1721 1186 1779 vocis.

438 1817 613 1890 lliyne'rr'a...
628 1813 753 1893 Aulrr(v.
775 1815 850 1894 109).
865 1815 1058 1874 Hercrrlauunr
1074 1835 1081 1869 ε
1096 1814 1275 1890 quodquam
1292 1815 1447 1870 seemrdum

396 1909 495 1980 fuerit,
508 1919 611 1966 notum
625 1909 760 1965 omnibus
778 1919 828 1965 est.

437 2003 613 2078 Tiemprroei
635 2001 673 2079 (v.
694 2001 769 2080 ιιι).
792 2001 1017 2070 Lacedaemonii,
1039 2012 1072 2058 ut
1095 1998 1215 2056 fluuium
1238 2001 1267 2056 in
1293 2003 1448 2060 Terentino

397 2115 466 2172 agro
480 2108 565 2154 vorat
578 2095 729 2167 Martialis,
748 2113 790 2166 ιι,
805 2095 851 2162 43.
867 2097 952 2151 Plura
964 2093 1068 2150 Markt.
1329 2083 1331 2086 ¹

437 2191 491 2245 Hic
503 2208 553 2246 seu
565 2190 717 2246 sr'clen'as...
730 2200 807 2245 artes
823 2185 862 2266 (v.
880 2184 956 2266 ιιι).
974 2187 1021 2244 td
1037 2186 1220 2243 astronomia
1233 2187 1451 2266 velastrologire
1504 2247 1510 2262 ,

396 2283 490 2340 studia
505 2284 562 2340 lroe
575 2282 758 2339 referendum
772 2280 860 2350 ioret,
877 2280 984 2355 quibus
993 2279 1086 2336 otium
1098 2279 1197 2335 fallere
1214 2291 1330 2354 poterat
1343 2282 1449 2338 amicus

396 2375 486 2433 surii.
500 2376 557 2432 Sed
572 2375 658 2433 codrl.
672 2374 759 2431 Paris.
775 2384 803 2429 et
820 2372 943 2450 Rhedig.
959 2393 966 2428 :
982 2372 1059 2428 «llic
1072 2372 1121 2426 ubi
1132 2371 1185 2428 sid.
1201 2393 1233 2428 :s
1248 2392 1309 2448 quo
1331 2387 1448 2451 recepto

397 2481 517 2544 apparet
528 2487 584 2543 pro
597 2468 732 2524 subitores
746 2465 804 2524 dici
814 2465 992 2542 intelligique
1004 2483 1037 2521 ea
1046 2485 1111 2541 quae
1122 2464 1182 2538 jem
1194 2485 1249 2540 per
1261 2476 1357 2541 partes
1369 2487 1449 2526 exse-

398 2562 498 2636 quitur
522 2573 616 2637 poetu.
638 2561 712 2618 Nem
738 2561 851 2616 Pierias
878 2559 908 2614 in
934 2559 1055 2635 lihedig.
1079 2569 1272 2615 correctorem
1296 2560 1398 2633 prodit
1419 2575 1451 2618 ut

398 2657 487 2712 ruulta
508 2655 592 2712 ineo
614 2654 722 2711 codice.
741 2685 781 2696 —
799 2653 923 2709 Dissona
937 2653 1067 2708 comita
1087 2651 1218 2708 nonalia
1240 2671 1301 2710 esse
1314 2653 1450 2712 videntur

399 2767 486 2822 quam
505 2749 605 2805 satire.

439 2843 600 2917 Plectrique
617 2859 710 2897 errore
720 2841 858 2916 superbus
871 2837 910 2918 (v.
929 2839 1004 2917 137).
1020 2839 1186 2896 Gronovius
1201 2837 1341 2896 intellexit
1351 2861 1359 2897 ε
1369 2851 1448 2898 motu

398 2934 504 3008 plectri
515 2951 569 3008 per
583 2933 724 3004 chordas3
740 2932 822 3009 quod
840 2932 963 2990 dubium
979 2951 1038 2990 esse
1052 2931 1260 2990 denronstravit
1274 2933 1378 2989 Merkl.
1388 2937 1448 2990 Tu-

398 3027 454 3083 tius
468 3027 610 3086 Weberus
631 3026 755 3100 explicet
775 3026 812 3082 rle
831 3025 952 3099 juvenili
969 3025 1077 3101 ingenii
1097 3027 1182 3096 lusu,
1201 3043 1263 3100 quo
1281 3044 1336 3100 per
1359 3027 1449 3082 venas

398 3139 442 3177 res
455 3119 569 3195 poetice
583 3119 762 3175 exornandas
775 3119 883 3175 Pollius
899 3119 1058 3195 regebatur
1071 3130 1099 3175 et
1113 3119 1237 3174 errabat

440 3215 524 3271 Alias
545 3213 641 3270 decuit
659 3212 818 3268 concordiis
831 3224 940 3268 memes
957 3209 994 3288 (v.
1012 3209 1089 3290 154).
1104 3215 1210 3268 Veram
1224 3231 1283 3268 esse
1297 3212 1447 3270 lectionem

398 3318 471 3383 puto
487 3325 575 3384 quatu
590 3306 721 3381 prebent
732 3304 798 3361 eod.
814 3305 900 3362 Paris.
917 3315 946 3360 et
958 3304 1080 3380 Rherlig.
1097 3325 1103 3360 :
1118 3305 1227 3371 docuit,
1243 3304 1448 3376 instituit,l'or-

398 3403 494 3458 mavit.

350 3551 351 3557 χ
439 3495 533 3550 Crrrr.
550 3495 602 3549 lll.
619 3493 726 3549 Coelica
740 3488 840 3569 (Coelii
851 3487 968 3568 montis)
983 3492 1135 3546 tectasubit
1141 3489 1181 3568 (v.
1199 3488 1255 3568 ιι).
1270 3491 1448 3563 uQuomorlo

399 3585 455 3644 dici
463 3585 560 3660 potuit
573 3587 681 3642 Pholoe
694 3586 814 3641 subiisse
825 3597 913 3650 tecta,
925 3593 1016 3659 quurn
1025 3583 1120 3640 statim
1128 3595 1266 3659 sequetur
1272 3583 1448 3658 illamdepo-

399 3673 494 3735 srrisse
503 3697 533 3734 se
553 3679 583 3733 in
599 3678 729 3754 ierurgiae
742 3679 830 3752 repra,
847 3688 876 3734 et
889 3695 925 3734 eo
938 3679 1004 3733 loeo
1018 3677 1070 3733 ubi
1089 3695 1162 3733 nunc
1175 3687 1242 3732 sunt
1257 3677 1332 3734 ades
1345 3677 1449 3732 Melio-

400 3770 459 3828 ris?
477 3771 549 3845 quin
562 3780 592 3826 et
610 3771 701 3827 Diana
724 3789 786 3827 earn
798 3772 963 3827 ⁴cubantem
984 3769 1074 3841 vidit,
1092 3769 1162 3827 dum
1178 3779 1327 3844 erret'per
1344 3780 1449 3844 septem

397 3864 476 3940 juga.
497 3865 565 3919 Nou
587 3863 675 3938 igitur
695 3864 771 3920 iutra
790 3875 862 3920 tecta
877 3875 946 3920 tuuc
960 3863 1017 3920 luit
1030 3864 1152 3934 Pholoe,
1173 3863 1223 3919 sed
1235 3863 1288 3918 sui
1306 3863 1372 3930 deo,
1394 3881 1451 3917 nn-

399 3960 497 4032 doque
511 3957 565 4014 sub
583 3958 694 4013 aetlreris
706 3976 768 4014 axe.
791 3960 885 4035 Lege:
900 3983 912 4009 «ι
927 3958 1033 4016 Coelicu
1054 3969 1132 4012 tesca
1154 3957 1268 4012 suhites
1282 3967 1368 4011 tesca·
1378 3955 1451 4010 enirn

400 4072 450 4109 seu
464 4063 565 4126 tesqua
577 4059 645 4105 sunt
658 4051 721 4107 lo'ca
735 4069 835 4126 aspere
856 4063 886 4109 et
903 4051 1026 4121 inculte,
1049 4050 1145 4126 qualia
1167 4050 1228 4106 fere
1248 4060 1316 4106 suut
1332 4059 1449 4105 montes.

337 4219 340 4226 Ι
381 4193 385 4214 .,
400 4144 475 4204 Vide
494 4139 622 4214 Hoetu,
638 4141 726 4218 Epist.
744 4163 770 4219 r,
793 4153 844 4218 rt,
864 4147 1056 4223 19;Lucrr.‚
1078 4163 1124 4215 vr,
1141 4151 1192 4214 4⁰3
1207 4142 1332 4217 interpp.
1347 4142 1384 4197 ed
1397 4143 1451 4196 Fe-
