3172 5142
410 452 463 522 154
713 452 925 514 THEBAIDOS
946 451 1120 512 ΠΒΕῊΧ·
1331 457 1364 520 (v.
1382 457 1456 522 355.)

360 595 363 600 '
405 582 520 672 thue
538 578 648 672 erupit
665 579 777 671 aquis,
797 580 999 672 iterumque,
1017 581 1205 676 iterumque
1224 583 1376 652 trementi

406 705 790 799 Ingeminatsssreneeo
802 725 886 773 sono
903 727 1092 798 :nusquam
1111 701 1184 792 ille,
1205 703 1262 774 sed
1279 703 1380 773 index

406 828 571 920 Desuper,
592 824 635 892 alr
653 823 780 892 miserae
798 824 940 892 nimium
957 823 1125 894 noscenda
1143 826 1294 918 parenti,

406 946 527 1013 Parma
544 957 638 1013 natet
654 970 662 1013 :
678 945 768 1037 jacet
786 942 857 1036 ipse
875 942 1014 1038 procul,
1032 967 1101 1036 qua
1115 945 1218 1012 mixta
1235 967 1430 1038 supremum

407 1068 562 1134 Ismenon
582 1066 680 1160 primi
700 1079 833 1135 mutant
847 1065 992 1134 confinia
1008 1067 1113 1159 ponti.

407 1184 634 1281 Fluctivagam
652 1186 700 1255 sic
720 1210 806 1280 sepe
822 1184 981 1272 domum,
998 1185 1217 1280 madidosque
1232 1201 1369 1281 penates
1451 1197 1457 1209 “

406 1305 577 1400 Halcyone
597 1305 727 1376 deserta
746 1305 868 1401 gemit,
889 1330 993 1400 quum
1007 1307 1157 1400 pignora
1175 1331 1280 1375 saevus

401 1432 541 1513 Auster,
561 1441 593 1496 et
610 1424 758 1519 algentes
777 1425 888 1519 rapuit
904 1425 1020 1494 Thetis
1039 1425 1152 1494 invida
1171 1425 1278 1494 nidos.

455 1547 623 1641 Mergitur
642 1545 725 1614 orba
745 1546 888 1632 iterum,
907 1547 1106 1640 penitusque
1125 1544 1254 1614 occulta
1274 1545 1334 1614 sub
1353 1545 1453 1613 undis

407 1668 527 1735 Limite
547 1690 615 1735 non
636 1689 724 1753 uno,
745 1661 911 1759 liquidum
930 1690 996 1760 qua
1012 1665 1127 1735 subter
1147 1668 1239 1735 eunti

406 1790 512 1857 Lucet
530 1787 611 1870 iter,
631 1785 743 1854 miseri
762 1786 985 1878 nequicquam
1004 1783 1121 1854 fitoera
1141 1788 1210 1855 nati

341 1947 347 1960 ·
406 1906 574 2000 Vestigat,
595 1903 790 1999 plangitque
810 1918 920 1972 tamen
941 1929 949 1971 z
967 1927 1054 1998 stepo
1070 1903 1226 1973 horridus
1246 1906 1353 1972 amnis

406 2024 547 2110 Obstat,
565 2037 596 2092 et
616 2022 763 2092 obducto
784 2003 1109 2118 coligantsanguine
1125 2025 1225 2092 visus.

406 2143 467 2212 llla
486 2159 599 2213 tamen
613 2167 760 2237 preceps
777 2144 811 2211 in
832 2141 896 2211 tela
913 2142 1053 2212 offendit
1071 2158 1105 2211 et
1121 2167 1233 2229 enses,

406 2268 650 2358 Scrutaturque
669 2287 772 2332 manu
791 2261 918 2357 galeas,
940 2278 974 2331 et
990 2287 1097 2356 prona
1115 2262 1254 2332 reclinat

406 2388 584 2479 Corpora:
605 2408 669 2453 nec
686 2397 791 2476 ponto
810 2383 962 2450 submota
983 2384 1129 2451 intrabat
1147 2408 1294 2453 amaram

405 2503 554 2592 Dorida,
574 2527 761 2598 possessum
781 2503 888 2571 donec
902 2503 973 2594 jam
990 2503 1145 2571 fluctibus
1166 2501 1241 2572 altis

406 2621 592 2696 Nereidum
614 2623 770 2692 miserata
789 2622 910 2691 cohors
931 2621 974 2690 ad
992 2637 1126 2717 pectora
1146 2625 1262 2693 matris

407 2742 549 2838 lmpulit
568 2768 575 2812 :
593 2741 651 2812 illa
669 2767 771 2812 mann
789 2767 851 2811 ceu
868 2743 982 2811 vivum
1002 2741 1153 2838 amplexa
1170 2757 1339 2838 reportat,

406 2865 634 2956 insternitque
649 2863 730 2931 toris
746 2864 915 2956 riparum,
933 2878 1033 2956 atque
1049 2863 1189 2932 humida
1207 2867 1308 2933 siccat

406 2981 567 3054 Mollibus
580 3008 641 3052 ora
661 2985 782 3068 comis,
801 2998 900 3076 atque
914 2984 984 3052 haee
1003 2981 1186 3053 ululatibus
1203 2984 1315 3054 addit:

457 3109 554 3173 «Hoc
573 3104 632 3172 tibi
649 3102 784 3173 semidei
801 3128 922 3172 munus
939 3103 1086 3173 tribuere
1104 3107 1276 3199 parentes?

409 3227 481 3294 Nec
498 3222 649 3292 mortalis
667 3223 777 3292 avus?
797 3226 844 3292 sic
863 3238 979 3292 nostro
995 3227 1030 3292 in
1052 3227 1184 3320 gurgite
1202 3226 1343 3321 regnas?

408 3345 526 3412 Mitior
545 3343 610 3411 heu
632 3345 754 3412 misero
773 3343 918 3433 discors,
936 3342 1110 3438 alienaque
1129 3345 1245 3436 tellus,

408 3465 527 3533 Mitior
547 3463 638 3532 unda
657 3466 776 3550 maris,
796 3489 870 3558 quae
885 3465 981 3559 juxta
999 3464 1138 3535 flumina
1157 3491 1279 3564 corpus
1397 3465 1403 3473 ’

304 3570 311 3598 “
408 3583 568 3670 Rettulit,
587 3599 620 3653 et
635 3586 789 3654 miseram
809 3587 878 3652 visa
896 3601 1104 3680 exspectasse
1122 3603 1304 3681 parentem.

409 3706 497 3775 Hine
519 3707 584 3773 mei
602 3704 734 3774 vultus?
754 3707 824 3775 haec
844 3708 929 3775 torvi
948 3705 1076 3776 lumina
1093 3709 1220 3802 patris?

407 3827 452 3893 Hi
469 3826 577 3894 crines
595 3825 752 3894 undantis
770 3826 846 3895 avi?
864 3841 901 3895 tu
919 3826 1031 3897 nobile
1050 3827 1221 3922 quondam

408 3943 603 4021 Undarum.
624 3970 866 4041 nemorumque
887 3947 1006 4038 decus,
1025 3973 1094 4042 quo
1110 3952 1235 4044 sospite
1251 3951 1362 4046 maJ'or

408 4065 514 4152 Diva,
531 4078 566 4134 et
582 4065 806 4161 nympharum
828 4063 928 4162 longe
945 4069 1064 4165 regina
1083 4068 1223 4140 ferebar.
