<?xml version="1.0" encoding="UTF-8"?>
<!DOCTYPE html PUBLIC "-//W3C//DTD XHTML 1.0 Transitional//EN"
    "http://www.w3.org/TR/xhtml1/DTD/xhtml1-transitional.dtd">
<html xmlns="http://www.w3.org/1999/xhtml" xml:lang="en" lang="en">
 <head>
  <title>
</title>
<meta http-equiv="Content-Type" content="text/html;charset=utf-8" />
  <meta name='ocr-system' content='tesseract 3.04.00' />
  <meta name='ocr-capabilities' content='ocr_page ocr_carea ocr_par ocr_line ocrx_word'/>
</head>
<body>
  <div class='ocr_page' id='page_1' title='image "./operaquaeextant00dbgoog_0509.png"; bbox 0 0 3094 5140; ppageno 0'>
   <div class='ocr_carea' id='block_1_1' title="bbox 356 403 1409 520">
    <p class='ocr_par' dir='ltr' id='par_1_1' title="bbox 356 403 1409 520">
     <span class='ocr_line' id='line_1_1' title="bbox 356 403 1409 520; baseline -0.01 -1"><span class='ocrx_word' id='word_1_1' title='bbox 356 403 422 520; x_wconf 63' lang='grc' dir='ltr'>ι11111</span> <span class='ocrx_word' id='word_1_2' title='bbox 671 457 884 514; x_wconf 82' lang='lat' dir='ltr'>THEBAIDOS</span> <span class='ocrx_word' id='word_1_3' title='bbox 904 457 1019 515; x_wconf 76' lang='lat' dir='ltr'>matt</span> <span class='ocrx_word' id='word_1_4' title='bbox 1033 456 1085 513; x_wconf 84' lang='lat' dir='ltr'>tx.</span> <span class='ocrx_word' id='word_1_5' title='bbox 1300 451 1409 512; x_wconf 79' lang='lat' dir='ltr'>l&#39;·7t⁵·l</span> 
     </span>
    </p>
   </div>
   <div class='ocr_carea' id='block_1_2' title="bbox 342 580 1532 2481">
    <p class='ocr_par' dir='ltr' id='par_1_2' title="bbox 342 580 1532 2481">
     <span class='ocr_line' id='line_1_2' title="bbox 363 580 1188 680; baseline -0.013 -20"><span class='ocrx_word' id='word_1_6' title='bbox 363 591 464 659; x_wconf 88' lang='lat' dir='ltr'>Nunc</span> <span class='ocrx_word' id='word_1_7' title='bbox 479 583 566 680; x_wconf 82' lang='lat' dir='ltr'>sugit</span> <span class='ocrx_word' id='word_1_8' title='bbox 582 582 762 672; x_wconf 73' lang='lat' dir='ltr'><strong>instantes,</strong></span> <span class='ocrx_word' id='word_1_9' title='bbox 782 597 817 654; x_wconf 90' lang='lat' dir='ltr'>et</span> <span class='ocrx_word' id='word_1_10' title='bbox 836 580 908 652; x_wconf 89' lang='lat' dir='ltr'>solo</span> <span class='ocrx_word' id='word_1_11' title='bbox 926 581 1064 679; x_wconf 74' lang='lat' dir='ltr'>respicit</span> <span class='ocrx_word' id='word_1_12' title='bbox 1081 581 1188 652; x_wconf 88' lang='lat' dir='ltr'>areu.&#39;</span> 
     </span>
     <span class='ocr_line' id='line_1_3' title="bbox 412 701 1183 803; baseline -0.01 -25"><span class='ocrx_word' id='word_1_13' title='bbox 412 712 456 779; x_wconf 92' lang='lat' dir='ltr'>Et</span> <span class='ocrx_word' id='word_1_14' title='bbox 469 709 539 803; x_wconf 87' lang='lat' dir='ltr'>jam</span> <span class='ocrx_word' id='word_1_15' title='bbox 557 706 732 793; x_wconf 89' lang='lat' dir='ltr'>mirantes,</span> <span class='ocrx_word' id='word_1_16' title='bbox 750 701 1030 802; x_wconf 73' lang='lat' dir='ltr'>indignantesque</span> <span class='ocrx_word' id='word_1_17' title='bbox 1047 702 1183 772; x_wconf 86' lang='lat' dir='ltr'>eoihant</span> 
     </span>
     <span class='ocr_line' id='line_1_4' title="bbox 363 821 1271 921; baseline -0.009 -23"><span class='ocrx_word' id='word_1_18' title='bbox 363 825 581 912; x_wconf 76' lang='lat' dir='ltr'>Labdacidae,</span> <span class='ocrx_word' id='word_1_19' title='bbox 598 826 795 921; x_wconf 91' lang='lat' dir='ltr'>primusque</span> <span class='ocrx_word' id='word_1_20' title='bbox 814 824 907 894; x_wconf 87' lang='lat' dir='ltr'>Jovis</span> <span class='ocrx_word' id='word_1_21' title='bbox 928 823 970 893; x_wconf 92' lang='lat' dir='ltr'>de</span> <span class='ocrx_word' id='word_1_22' title='bbox 995 823 1158 919; x_wconf 89' lang='lat' dir='ltr'>sanguine</span> <span class='ocrx_word' id='word_1_23' title='bbox 1176 821 1271 891; x_wconf 86' lang='lat' dir='ltr'>claro</span> 
     </span>
     <span class='ocr_line' id='line_1_5' title="bbox 364 942 1228 1043; baseline -0.009 -25"><span class='ocrx_word' id='word_1_24' title='bbox 364 949 552 1043; x_wconf 80' lang='lat' dir='ltr'>Amphion,</span> <span class='ocrx_word' id='word_1_25' title='bbox 571 947 709 1040; x_wconf 85' lang='lat' dir='ltr'>ignarus</span> <span class='ocrx_word' id='word_1_26' title='bbox 729 943 854 1033; x_wconf 90' lang='lat' dir='ltr'>adhuc,</span> <span class='ocrx_word' id='word_1_27' title='bbox 873 969 947 1040; x_wconf 86' lang='lat' dir='ltr'>quae</span> <span class='ocrx_word' id='word_1_28' title='bbox 963 942 1083 1014; x_wconf 83' lang='lat' dir='ltr'>fitnera</span> <span class='ocrx_word' id='word_1_29' title='bbox 1102 943 1228 1038; x_wconf 85' lang='lat' dir='ltr'>eampis</span> 
     </span>
     <span class='ocr_line' id='line_1_6' title="bbox 342 1062 1338 1159; baseline -0.008 -21"><span class='ocrx_word' id='word_1_30' title='bbox 342 1067 427 1138; x_wconf 68' lang='lat' dir='ltr'>tlte</span> <span class='ocrx_word' id='word_1_31' title='bbox 442 1066 562 1136; x_wconf 90' lang='lat' dir='ltr'>daret:</span> <span class='ocrx_word' id='word_1_32' title='bbox 586 1066 772 1154; x_wconf 73' lang='lat' dir='ltr'>«Quonam</span> <span class='ocrx_word' id='word_1_33' title='bbox 791 1089 906 1159; x_wconf 85' lang='lat' dir='ltr'>usque</span> <span class='ocrx_word' id='word_1_34' title='bbox 917 1089 1048 1134; x_wconf 87' lang='lat' dir='ltr'>moram</span> <span class='ocrx_word' id='word_1_35' title='bbox 1068 1062 1241 1133; x_wconf 89' lang='lat' dir='ltr'>lucrabere</span> <span class='ocrx_word' id='word_1_36' title='bbox 1259 1063 1338 1148; x_wconf 85' lang='lat' dir='ltr'>fati,</span> 
     </span>
     <span class='ocr_line' id='line_1_7' title="bbox 364 1183 1188 1280; baseline -0.007 -22"><span class='ocrx_word' id='word_1_37' title='bbox 364 1193 397 1258; x_wconf 92' lang='grc' dir='ltr'>Ο</span> <span class='ocrx_word' id='word_1_38' title='bbox 417 1184 563 1256; x_wconf 91' lang='lat' dir='ltr'>multum</span> <span class='ocrx_word' id='word_1_39' title='bbox 580 1186 719 1254; x_wconf 88' lang='lat' dir='ltr'>meritos</span> <span class='ocrx_word' id='word_1_40' title='bbox 739 1208 824 1278; x_wconf 90' lang='lat' dir='ltr'>puer</span> <span class='ocrx_word' id='word_1_41' title='bbox 841 1185 999 1256; x_wconf 74' lang='lat' dir='ltr'>orbature</span> <span class='ocrx_word' id='word_1_42' title='bbox 1014 1183 1188 1280; x_wconf 84' lang='lat' dir='ltr'>parentes?</span> 
     </span>
     <span class='ocr_line' id='line_1_8' title="bbox 365 1303 1531 1400; baseline -0.003 -24"><span class='ocrx_word' id='word_1_43' title='bbox 365 1309 459 1397; x_wconf 86' lang='lat' dir='ltr'>Quin</span> <span class='ocrx_word' id='word_1_44' title='bbox 481 1309 580 1376; x_wconf 86' lang='lat' dir='ltr'>etiam</span> <span class='ocrx_word' id='word_1_45' title='bbox 601 1307 706 1374; x_wconf 91' lang='lat' dir='ltr'>menti</span> <span class='ocrx_word' id='word_1_46' title='bbox 722 1321 836 1374; x_wconf 91' lang='lat' dir='ltr'>tumor</span> <span class='ocrx_word' id='word_1_47' title='bbox 854 1321 957 1400; x_wconf 88' lang='lat' dir='ltr'>atque</span> <span class='ocrx_word' id='word_1_48' title='bbox 973 1305 1114 1376; x_wconf 85' lang='lat' dir='ltr'>audacia</span> <span class='ocrx_word' id='word_1_49' title='bbox 1131 1303 1257 1400; x_wconf 80' lang='lat' dir='ltr'><strong>gliscit,</strong></span> <span class='ocrx_word' id='word_1_50' title='bbox 1530 1324 1531 1388; x_wconf 67' lang='grc'>1</span> 
     </span>
     <span class='ocr_line' id='line_1_9' title="bbox 364 1424 1532 1522; baseline -0.005 -25"><span class='ocrx_word' id='word_1_51' title='bbox 364 1429 576 1522; x_wconf 87' lang='lat' dir='ltr'>Congressus</span> <span class='ocrx_word' id='word_1_52' title='bbox 592 1424 673 1494; x_wconf 88' lang='lat' dir='ltr'>dum</span> <span class='ocrx_word' id='word_1_53' title='bbox 691 1451 789 1495; x_wconf 90' lang='lat' dir='ltr'>nemo</span> <span class='ocrx_word' id='word_1_54' title='bbox 809 1441 886 1496; x_wconf 90' lang='lat' dir='ltr'>tuos</span> <span class='ocrx_word' id='word_1_55' title='bbox 904 1451 1122 1521; x_wconf 82' lang='lat' dir='ltr'>pugnamque</span> <span class='ocrx_word' id='word_1_56' title='bbox 1140 1427 1305 1494; x_wconf 85' lang='lat' dir='ltr'>minorem</span> <span class='ocrx_word' id='word_1_57' title='bbox 1531 1426 1532 1458; x_wconf 63' lang='lat'>¹</span> 
     </span>
     <span class='ocr_line' id='line_1_10' title="bbox 366 1543 1167 1642; baseline -0.004 -25"><span class='ocrx_word' id='word_1_58' title='bbox 366 1549 539 1642; x_wconf 79' lang='lat' dir='ltr'>Dignatur</span> <span class='ocrx_word' id='word_1_59' title='bbox 553 1543 667 1630; x_wconf 90' lang='lat' dir='ltr'>bellis,</span> <span class='ocrx_word' id='word_1_60' title='bbox 684 1547 836 1640; x_wconf 83' lang='lat' dir='ltr'>iramque</span> <span class='ocrx_word' id='word_1_61' title='bbox 853 1545 1053 1639; x_wconf 86' lang='lat' dir='ltr'>relinqueris</span> <span class='ocrx_word' id='word_1_62' title='bbox 1071 1545 1167 1614; x_wconf 88' lang='lat' dir='ltr'>infra.</span> 
     </span>
     <span class='ocr_line' id='line_1_11' title="bbox 365 1664 1260 1762; baseline -0.004 -24"><span class='ocrx_word' id='word_1_63' title='bbox 365 1670 399 1754; x_wconf 95' lang='lat' dir='ltr'>I,</span> <span class='ocrx_word' id='word_1_64' title='bbox 419 1681 533 1762; x_wconf 83' lang='lat' dir='ltr'>repete</span> <span class='ocrx_word' id='word_1_65' title='bbox 548 1664 742 1755; x_wconf 87' lang='lat' dir='ltr'>Arcadiam,</span> <span class='ocrx_word' id='word_1_66' title='bbox 763 1668 955 1759; x_wconf 83' lang='lat' dir='ltr'>mixtusque</span> <span class='ocrx_word' id='word_1_67' title='bbox 974 1664 1158 1760; x_wconf 80' lang='lat' dir='ltr'>aequalibus</span> <span class='ocrx_word' id='word_1_68' title='bbox 1175 1664 1260 1752; x_wconf 85' lang='lat' dir='ltr'>illic,</span> 
     </span>
     <span class='ocr_line' id='line_1_12' title="bbox 367 1783 1238 1880; baseline -0.002 -23"><span class='ocrx_word' id='word_1_69' title='bbox 367 1791 460 1857; x_wconf 89' lang='lat' dir='ltr'>Dum</span> <span class='ocrx_word' id='word_1_70' title='bbox 479 1785 569 1856; x_wconf 88' lang='lat' dir='ltr'>ferus</span> <span class='ocrx_word' id='word_1_71' title='bbox 586 1787 642 1856; x_wconf 90' lang='lat' dir='ltr'>hic</span> <span class='ocrx_word' id='word_1_72' title='bbox 658 1811 739 1857; x_wconf 89' lang='lat' dir='ltr'>vero</span> <span class='ocrx_word' id='word_1_73' title='bbox 755 1785 892 1856; x_wconf 73' lang='lat' dir='ltr'>desaevit</span> <span class='ocrx_word' id='word_1_74' title='bbox 909 1783 1049 1880; x_wconf 88' lang='lat' dir='ltr'>pulvere</span> <span class='ocrx_word' id='word_1_75' title='bbox 1063 1790 1215 1872; x_wconf 85' lang='lat' dir='ltr'>Mavors,</span> <span class='ocrx_word' id='word_1_76' title='bbox 1233 1810 1238 1830; x_wconf 81' lang='grc'>’</span> 
     </span>
     <span class='ocr_line' id='line_1_13' title="bbox 368 1904 1227 2001; baseline 0 -25"><span class='ocrx_word' id='word_1_77' title='bbox 368 1905 490 1976; x_wconf 87' lang='lat' dir='ltr'>Proelia</span> <span class='ocrx_word' id='word_1_78' title='bbox 508 1904 587 1978; x_wconf 89' lang='lat' dir='ltr'>lude</span> <span class='ocrx_word' id='word_1_79' title='bbox 606 1906 722 1990; x_wconf 86' lang='lat' dir='ltr'>domi:</span> <span class='ocrx_word' id='word_1_80' title='bbox 742 1906 879 2000; x_wconf 93' lang='lat' dir='ltr'>quodsi</span> <span class='ocrx_word' id='word_1_81' title='bbox 899 1921 932 1975; x_wconf 91' lang='lat' dir='ltr'>te</span> <span class='ocrx_word' id='word_1_82' title='bbox 948 1921 1063 1976; x_wconf 87' lang='lat' dir='ltr'>moesta</span> <span class='ocrx_word' id='word_1_83' title='bbox 1082 1905 1227 2001; x_wconf 84' lang='lat' dir='ltr'>sepulcri</span> 
     </span>
     <span class='ocr_line' id='line_1_14' title="bbox 369 2026 1263 2113; baseline -0.004 -17"><span class='ocrx_word' id='word_1_84' title='bbox 369 2030 473 2096; x_wconf 83' lang='lat' dir='ltr'>Fama</span> <span class='ocrx_word' id='word_1_85' title='bbox 486 2043 614 2112; x_wconf 89' lang='lat' dir='ltr'>movet,</span> <span class='ocrx_word' id='word_1_86' title='bbox 633 2027 809 2113; x_wconf 82' lang='lat' dir='ltr'>dabimus3</span> <span class='ocrx_word' id='word_1_87' title='bbox 825 2026 893 2097; x_wconf 91' lang='lat' dir='ltr'>leto</span> <span class='ocrx_word' id='word_1_88' title='bbox 910 2029 1053 2096; x_wconf 87' lang='lat' dir='ltr'>moriere</span> <span class='ocrx_word' id='word_1_89' title='bbox 1069 2029 1231 2098; x_wconf 84' lang='lat' dir='ltr'>virorum.</span> <span class='ocrx_word' id='word_1_90' title='bbox 1245 2059 1263 2092; x_wconf 73' lang='lat' dir='ltr'>s</span> 
     </span>
     <span class='ocr_line' id='line_1_15' title="bbox 418 2145 1378 2243; baseline 0.002 -28"><span class='ocrx_word' id='word_1_91' title='bbox 418 2145 622 2217; x_wconf 81' lang='lat' dir='ltr'>iamdudum</span> <span class='ocrx_word' id='word_1_92' title='bbox 643 2149 735 2217; x_wconf 88' lang='lat' dir='ltr'>hune</span> <span class='ocrx_word' id='word_1_93' title='bbox 752 2162 870 2216; x_wconf 85' lang='lat' dir='ltr'>eontra</span> <span class='ocrx_word' id='word_1_94' title='bbox 890 2145 1034 2217; x_wconf 87' lang='lat' dir='ltr'>stimulis</span> <span class='ocrx_word' id='word_1_95' title='bbox 1054 2149 1266 2243; x_wconf 89' lang='lat' dir='ltr'>gravioribus</span> <span class='ocrx_word' id='word_1_96' title='bbox 1281 2149 1378 2219; x_wconf 85' lang='lat' dir='ltr'>ardet</span> 
     </span>
     <span class='ocr_line' id='line_1_16' title="bbox 370 2265 1306 2362; baseline 0.002 -25"><span class='ocrx_word' id='word_1_97' title='bbox 370 2271 464 2337; x_wconf 79' lang='lat' dir='ltr'>Trux</span> <span class='ocrx_word' id='word_1_98' title='bbox 479 2265 727 2356; x_wconf 80' lang='lat' dir='ltr'>Atalantiades,</span> <span class='ocrx_word' id='word_1_99' title='bbox 744 2292 807 2337; x_wconf 88' lang='lat' dir='ltr'>nec</span> <span class='ocrx_word' id='word_1_100' title='bbox 824 2267 905 2336; x_wconf 93' lang='lat' dir='ltr'>dum</span> <span class='ocrx_word' id='word_1_101' title='bbox 924 2265 980 2336; x_wconf 89' lang='lat' dir='ltr'>ille</span> <span class='ocrx_word' id='word_1_102' title='bbox 995 2269 1184 2362; x_wconf 79' lang='lat' dir='ltr'>quieverat,</span> <span class='ocrx_word' id='word_1_103' title='bbox 1203 2270 1280 2339; x_wconf 84' lang='lat' dir='ltr'>iniit</span> <span class='ocrx_word' id='word_1_104' title='bbox 1297 2297 1306 2339; x_wconf 91' lang='lat'>:</span> 
     </span>
     <span class='ocr_line' id='line_1_17' title="bbox 371 2389 1367 2481; baseline 0.007 -27"><span class='ocrx_word' id='word_1_105' title='bbox 371 2391 482 2460; x_wconf 74' lang='lat' dir='ltr'>«Sera</span> <span class='ocrx_word' id='word_1_106' title='bbox 498 2389 600 2458; x_wconf 87' lang='lat' dir='ltr'>etiam</span> <span class='ocrx_word' id='word_1_107' title='bbox 619 2390 654 2458; x_wconf 91' lang='lat' dir='ltr'>in</span> <span class='ocrx_word' id='word_1_108' title='bbox 668 2389 818 2477; x_wconf 88' lang='lat' dir='ltr'>Thebas,</span> <span class='ocrx_word' id='word_1_109' title='bbox 835 2412 978 2481; x_wconf 87' lang='lat' dir='ltr'>quarum</span> <span class='ocrx_word' id='word_1_110' title='bbox 999 2389 1055 2459; x_wconf 85' lang='lat' dir='ltr'>hic</span> <span class='ocrx_word' id='word_1_111' title='bbox 1071 2391 1252 2481; x_wconf 81' lang='lat' dir='ltr'>exercitus,</span> <span class='ocrx_word' id='word_1_112' title='bbox 1271 2417 1367 2461; x_wconf 87' lang='lat' dir='ltr'>arma</span> 
     </span>
    </p>
   </div>
   <div class='ocr_carea' id='block_1_3' title="bbox 370 2507 1284 2603">
    <p class='ocr_par' dir='ltr' id='par_1_3' title="bbox 370 2507 1284 2603">
     <span class='ocr_line' id='line_1_18' title="bbox 370 2507 1284 2603; baseline 0 -23"><span class='ocrx_word' id='word_1_113' title='bbox 370 2509 512 2580; x_wconf 87' lang='lat' dir='ltr'>Profero</span> <span class='ocrx_word' id='word_1_114' title='bbox 529 2535 537 2578; x_wconf 73' lang='grc' dir='ltr'><em>τ</em></span> <span class='ocrx_word' id='word_1_115' title='bbox 557 2510 711 2603; x_wconf 88' lang='lat' dir='ltr'>quisnam</span> <span class='ocrx_word' id='word_1_116' title='bbox 730 2507 814 2578; x_wconf 87' lang='lat' dir='ltr'>adeo</span> <span class='ocrx_word' id='word_1_117' title='bbox 836 2533 938 2602; x_wconf 86' lang='lat' dir='ltr'>puer,</span> <span class='ocrx_word' id='word_1_118' title='bbox 956 2524 996 2577; x_wconf 90' lang='lat' dir='ltr'>ut</span> <span class='ocrx_word' id='word_1_119' title='bbox 1011 2508 1136 2578; x_wconf 90' lang='lat' dir='ltr'>bellare</span> <span class='ocrx_word' id='word_1_120' title='bbox 1153 2527 1284 2580; x_wconf 86' lang='lat' dir='ltr'>recuset</span> 
     </span>
    </p>
   </div>
   <div class='ocr_carea' id='block_1_4' title="bbox 370 2628 1320 2820">
    <p class='ocr_par' dir='ltr' id='par_1_4' title="bbox 370 2628 1320 2820">
     <span class='ocr_line' id='line_1_19' title="bbox 370 2628 1320 2724; baseline 0.002 -25"><span class='ocrx_word' id='word_1_121' title='bbox 370 2628 528 2699; x_wconf 76' lang='lat' dir='ltr'>Talibus?</span> <span class='ocrx_word' id='word_1_122' title='bbox 547 2628 700 2699; x_wconf 85' lang='lat' dir='ltr'>Arcadiae</span> <span class='ocrx_word' id='word_1_123' title='bbox 720 2631 877 2722; x_wconf 89' lang='lat' dir='ltr'>stirpem,</span> <span class='ocrx_word' id='word_1_124' title='bbox 898 2645 933 2697; x_wconf 88' lang='lat' dir='ltr'>et</span> <span class='ocrx_word' id='word_1_125' title='bbox 950 2629 1021 2697; x_wconf 86' lang='lat' dir='ltr'>fera</span> <span class='ocrx_word' id='word_1_126' title='bbox 1040 2631 1166 2700; x_wconf 88' lang='lat' dir='ltr'>semina</span> <span class='ocrx_word' id='word_1_127' title='bbox 1183 2633 1320 2724; x_wconf 75' lang='lat' dir='ltr'>gentis,</span> 
     </span>
     <span class='ocr_line' id='line_1_20' title="bbox 371 2748 1253 2820; baseline 0 0"><span class='ocrx_word' id='word_1_128' title='bbox 371 2752 451 2820; x_wconf 88' lang='lat' dir='ltr'>Non</span> <span class='ocrx_word' id='word_1_129' title='bbox 464 2748 624 2818; x_wconf 85' lang='lat' dir='ltr'>Thebana</span> <span class='ocrx_word' id='word_1_130' title='bbox 646 2749 738 2818; x_wconf 86' lang='lat' dir='ltr'>vides</span> <span class='ocrx_word' id='word_1_131' title='bbox 757 2774 765 2816; x_wconf 76' lang='grc' dir='ltr'><em>τ</em></span> <span class='ocrx_word' id='word_1_132' title='bbox 784 2774 853 2817; x_wconf 83' lang='grc'><strong>11011</strong></span> <span class='ocrx_word' id='word_1_133' title='bbox 874 2773 928 2817; x_wconf 87' lang='lat' dir='ltr'>me</span> <span class='ocrx_word' id='word_1_134' title='bbox 947 2749 1009 2817; x_wconf 91' lang='lat' dir='ltr'>sub</span> <span class='ocrx_word' id='word_1_135' title='bbox 1028 2764 1126 2818; x_wconf 89' lang='lat' dir='ltr'>nocte</span> <span class='ocrx_word' id='word_1_136' title='bbox 1143 2749 1253 2820; x_wconf 86' lang='lat' dir='ltr'>silenti</span> 
     </span>
    </p>
   </div>
   <div class='ocr_carea' id='block_1_5' title="bbox 372 2867 1394 4165">
    <p class='ocr_par' dir='ltr' id='par_1_5' title="bbox 372 2867 1394 4165">
     <span class='ocr_line' id='line_1_21' title="bbox 372 2867 1129 2964; baseline 0 -25"><span class='ocrx_word' id='word_1_137' title='bbox 372 2871 482 2964; x_wconf 83' lang='lat' dir='ltr'>Thyes</span> <span class='ocrx_word' id='word_1_138' title='bbox 498 2869 664 2939; x_wconf 86' lang='lat' dir='ltr'>Echionio</span> <span class='ocrx_word' id='word_1_139' title='bbox 682 2871 828 2963; x_wconf 82' lang='lat' dir='ltr'>genitrix</span> <span class='ocrx_word' id='word_1_140' title='bbox 849 2867 1010 2938; x_wconf 81' lang='lat' dir='ltr'>famulata</span> <span class='ocrx_word' id='word_1_141' title='bbox 1028 2873 1129 2964; x_wconf 69' lang='lat' dir='ltr'>Lyaeo</span> 
     </span>
     <span class='ocr_line' id='line_1_22' title="bbox 372 2989 1253 3083; baseline 0.002 -23"><span class='ocrx_word' id='word_1_142' title='bbox 372 2989 512 3060; x_wconf 83' lang='lat' dir='ltr'>Edidit:</span> <span class='ocrx_word' id='word_1_143' title='bbox 531 2989 623 3060; x_wconf 92' lang='lat' dir='ltr'>haud</span> <span class='ocrx_word' id='word_1_144' title='bbox 641 3014 791 3083; x_wconf 92' lang='lat' dir='ltr'>unquam</span> <span class='ocrx_word' id='word_1_145' title='bbox 808 2989 974 3059; x_wconf 75' lang='lat' dir='ltr'>deformes</span> <span class='ocrx_word' id='word_1_146' title='bbox 995 2991 1120 3060; x_wconf 87' lang='lat' dir='ltr'>vertice</span> <span class='ocrx_word' id='word_1_147' title='bbox 1137 2993 1253 3062; x_wconf 88' lang='lat' dir='ltr'>mitras</span> 
     </span>
     <span class='ocr_line' id='line_1_23' title="bbox 373 3109 1236 3204; baseline 0.001 -23"><span class='ocrx_word' id='word_1_148' title='bbox 373 3109 570 3196; x_wconf 89' lang='lat' dir='ltr'>Induimus,</span> <span class='ocrx_word' id='word_1_149' title='bbox 587 3111 745 3204; x_wconf 90' lang='lat' dir='ltr'>turpique</span> <span class='ocrx_word' id='word_1_150' title='bbox 759 3135 862 3180; x_wconf 87' lang='lat' dir='ltr'>manu</span> <span class='ocrx_word' id='word_1_151' title='bbox 874 3111 1076 3203; x_wconf 85' lang='lat' dir='ltr'>jactavimus</span> <span class='ocrx_word' id='word_1_152' title='bbox 1095 3112 1236 3182; x_wconf 85' lang='lat' dir='ltr'>hastam.</span> 
     </span>
     <span class='ocr_line' id='line_1_24' title="bbox 373 3229 1224 3326; baseline 0.002 -26"><span class='ocrx_word' id='word_1_153' title='bbox 373 3232 533 3300; x_wconf 85' lang='lat' dir='ltr'>Protinus</span> <span class='ocrx_word' id='word_1_154' title='bbox 550 3229 726 3300; x_wconf 87' lang='lat' dir='ltr'>adstrictos</span> <span class='ocrx_word' id='word_1_155' title='bbox 742 3229 845 3299; x_wconf 87' lang='lat' dir='ltr'>didici</span> <span class='ocrx_word' id='word_1_156' title='bbox 865 3245 998 3326; x_wconf 83' lang='lat' dir='ltr'>reptare</span> <span class='ocrx_word' id='word_1_157' title='bbox 1015 3255 1077 3325; x_wconf 91' lang='lat' dir='ltr'>per</span> <span class='ocrx_word' id='word_1_158' title='bbox 1094 3256 1224 3320; x_wconf 88' lang='lat' dir='ltr'>amnes,</span> 
     </span>
     <span class='ocr_line' id='line_1_25' title="bbox 373 3349 1323 3445; baseline 0.002 -23"><span class='ocrx_word' id='word_1_159' title='bbox 373 3350 637 3444; x_wconf 87' lang='lat' dir='ltr'>Horrendasque</span> <span class='ocrx_word' id='word_1_160' title='bbox 654 3349 773 3419; x_wconf 91' lang='lat' dir='ltr'>domos</span> <span class='ocrx_word' id='word_1_161' title='bbox 789 3375 988 3445; x_wconf 81' lang='lat' dir='ltr'>magnarum</span> <span class='ocrx_word' id='word_1_162' title='bbox 1006 3352 1133 3424; x_wconf 87' lang='lat' dir='ltr'>intrare</span> <span class='ocrx_word' id='word_1_163' title='bbox 1152 3352 1323 3424; x_wconf 83' lang='lat' dir='ltr'>ferarum:</span> 
     </span>
     <span class='ocr_line' id='line_1_26' title="bbox 375 3467 1345 3568; baseline 0.005 -28"><span class='ocrx_word' id='word_1_164' title='bbox 375 3475 419 3540; x_wconf 89' lang='lat' dir='ltr'>Et</span> <span class='ocrx_word' id='word_1_165' title='bbox 437 3469 519 3564; x_wconf 93' lang='lat' dir='ltr'>quid</span> <span class='ocrx_word' id='word_1_166' title='bbox 532 3468 631 3565; x_wconf 92' lang='lat' dir='ltr'>plura</span> <span class='ocrx_word' id='word_1_167' title='bbox 651 3467 793 3565; x_wconf 78' lang='lat' dir='ltr'>loquar?</span> <span class='ocrx_word' id='word_1_168' title='bbox 809 3469 935 3540; x_wconf 85' lang='lat' dir='ltr'>ferrum</span> <span class='ocrx_word' id='word_1_169' title='bbox 953 3496 1177 3568; x_wconf 87' lang='lat' dir='ltr'>mea.semper</span> <span class='ocrx_word' id='word_1_170' title='bbox 1195 3487 1229 3542; x_wconf 91' lang='lat' dir='ltr'>et</span> <span class='ocrx_word' id='word_1_171' title='bbox 1245 3501 1345 3546; x_wconf 89' lang='lat' dir='ltr'>arcus</span> 
     </span>
     <span class='ocr_line' id='line_1_27' title="bbox 375 3587 1329 3688; baseline 0 -24"><span class='ocrx_word' id='word_1_172' title='bbox 375 3593 488 3664; x_wconf 85' lang='lat' dir='ltr'>Mater</span> <span class='ocrx_word' id='word_1_173' title='bbox 506 3590 625 3678; x_wconf 89' lang='lat' dir='ltr'>habet,</span> <span class='ocrx_word' id='word_1_174' title='bbox 646 3591 746 3660; x_wconf 87' lang='lat' dir='ltr'>vestri</span> <span class='ocrx_word' id='word_1_175' title='bbox 762 3587 889 3659; x_wconf 84' lang='lat' dir='ltr'>feriunt</span> <span class='ocrx_word' id='word_1_176' title='bbox 905 3615 985 3660; x_wconf 83' lang='lat' dir='ltr'>cava</span> <span class='ocrx_word' id='word_1_177' title='bbox 1003 3605 1161 3686; x_wconf 85' lang='lat' dir='ltr'>tympana</span> <span class='ocrx_word' id='word_1_178' title='bbox 1181 3610 1329 3688; x_wconf 73' lang='lat' dir='ltr'>patres.»</span> 
     </span>
     <span class='ocr_line' id='line_1_28' title="bbox 426 3709 1394 3810; baseline 0.007 -28"><span class='ocrx_word' id='word_1_179' title='bbox 426 3713 505 3782; x_wconf 89' lang='lat' dir='ltr'>Non</span> <span class='ocrx_word' id='word_1_180' title='bbox 525 3709 603 3804; x_wconf 89' lang='lat' dir='ltr'>tulit</span> <span class='ocrx_word' id='word_1_181' title='bbox 619 3709 808 3805; x_wconf 88' lang='lat' dir='ltr'>Amphion,</span> <span class='ocrx_word' id='word_1_182' title='bbox 827 3710 1025 3805; x_wconf 89' lang='lat' dir='ltr'>vultumque</span> <span class='ocrx_word' id='word_1_183' title='bbox 1044 3729 1080 3781; x_wconf 90' lang='lat' dir='ltr'>et</span> <span class='ocrx_word' id='word_1_184' title='bbox 1095 3713 1129 3782; x_wconf 90' lang='lat' dir='ltr'>in</span> <span class='ocrx_word' id='word_1_185' title='bbox 1149 3739 1209 3784; x_wconf 90' lang='lat' dir='ltr'>ora</span> <span class='ocrx_word' id='word_1_186' title='bbox 1223 3712 1394 3810; x_wconf 86' lang='lat' dir='ltr'>loquentis</span> 
     </span>
     <span class='ocr_line' id='line_1_29' title="bbox 376 3828 1201 3902; baseline 0 0"><span class='ocrx_word' id='word_1_187' title='bbox 376 3830 495 3902; x_wconf 87' lang='lat' dir='ltr'>Telum</span> <span class='ocrx_word' id='word_1_188' title='bbox 516 3831 661 3900; x_wconf 90' lang='lat' dir='ltr'>immane</span> <span class='ocrx_word' id='word_1_189' title='bbox 678 3844 789 3899; x_wconf 89' lang='lat' dir='ltr'>rotat:</span> <span class='ocrx_word' id='word_1_190' title='bbox 806 3829 865 3899; x_wconf 88' lang='lat' dir='ltr'>sed</span> <span class='ocrx_word' id='word_1_191' title='bbox 882 3830 962 3900; x_wconf 86' lang='lat' dir='ltr'>ferri</span> <span class='ocrx_word' id='word_1_192' title='bbox 982 3828 1108 3902; x_wconf 86' lang='lat' dir='ltr'>lumine</span> <span class='ocrx_word' id='word_1_193' title='bbox 1126 3833 1201 3902; x_wconf 86' lang='lat' dir='ltr'>diro</span> 
     </span>
     <span class='ocr_line' id='line_1_30' title="bbox 376 3949 1221 4046; baseline 0.005 -25"><span class='ocrx_word' id='word_1_194' title='bbox 376 3953 547 4022; x_wconf 88' lang='lat' dir='ltr'>Turbatus</span> <span class='ocrx_word' id='word_1_195' title='bbox 564 3952 716 4045; x_wconf 90' lang='lat' dir='ltr'>sonipes,</span> <span class='ocrx_word' id='word_1_196' title='bbox 734 3975 803 4020; x_wconf 88' lang='lat' dir='ltr'>sese</span> <span class='ocrx_word' id='word_1_197' title='bbox 820 3949 1064 4046; x_wconf 89' lang='lat' dir='ltr'>dominumque</span> <span class='ocrx_word' id='word_1_198' title='bbox 1082 3955 1221 4025; x_wconf 86' lang='lat' dir='ltr'>retorsit</span> 
     </span>
     <span class='ocr_line' id='line_1_31' title="bbox 377 4069 1308 4165; baseline 0.01 -26"><span class='ocrx_word' id='word_1_199' title='bbox 377 4075 417 4139; x_wconf 88' lang='lat' dir='ltr'>ln</span> <span class='ocrx_word' id='word_1_200' title='bbox 433 4069 537 4162; x_wconf 83' lang='lat' dir='ltr'>lutus,</span> <span class='ocrx_word' id='word_1_201' title='bbox 557 4087 657 4165; x_wconf 85' lang='lat' dir='ltr'>atque</span> <span class='ocrx_word' id='word_1_202' title='bbox 677 4071 809 4140; x_wconf 88' lang='lat' dir='ltr'>avidam</span> <span class='ocrx_word' id='word_1_203' title='bbox 827 4071 1013 4140; x_wconf 87' lang='lat' dir='ltr'>transmisit</span> <span class='ocrx_word' id='word_1_204' title='bbox 1029 4071 1148 4145; x_wconf 87' lang='lat' dir='ltr'>devius</span> <span class='ocrx_word' id='word_1_205' title='bbox 1163 4073 1308 4149; x_wconf 85' lang='lat' dir='ltr'>hastam.</span> 
     </span>
    </p>
   </div>
   <div class='ocr_carea' id='block_1_6' title="bbox 0 0 1574 5140">
    <p class='ocr_par' dir='ltr' id='par_1_6' title="bbox 0 0 1574 5140">
     <span class='ocr_line' id='line_1_32' title="bbox 0 0 1574 5140; baseline 0 0"><span class='ocrx_word' id='word_1_206' title='bbox 0 0 1574 5140; x_wconf 95' lang='lat' dir='ltr'> </span> 
     </span>
    </p>
   </div>
  </div>
 </body>
</html>
