3094 5140
97 429 210 494 (asar.)
400 421 615 482 multamus
635 421 748 479 mult
767 421 835 477 ΧΗ.
1093 421 1152 491 atr

96 552 242 622 Foederis
260 577 268 620 :
287 551 375 620 hauc
393 551 510 645 patriae
529 549 615 618 ritus
633 546 772 642 fregisse
789 568 922 616 severos
961 576 965 582 ·

95 672 251 745 Atthides
269 669 415 765 obliquae
435 695 547 741 secum
558 669 739 738 'mirantur
756 680 876 761 operto

96 798 272 865 Murmure
291 819 299 861 ε
319 791 410 887 quod
429 789 529 860 nitidi
551 790 678 876 crines,
695 787 787 883 quod
806 801 944 882 pectora
966 782 1054 880 palla

96 919 183 986 Tota
202 913 327 1002 latent,
345 907 476 1009 magnis
498 911 590 1007 quod
609 912 751 981 barbara
773 923 879 979 semet
892 907 1034 980 Athenis
1068 939 1069 944 ¹

95 1037 255 1125 Misceat,
273 1050 376 1130 atque
393 1035 482 1104 hosti
499 1034 614 1103 veniat
631 1033 783 1129 paritura
802 1031 936 1119 marito.

146 1155 303 1228 Paullum
322 1171 356 1226 et
376 1155 418 1224 ab
440 1135 573 1225 insessis
594 1168 719 1224 moestae
735 1150 930 1247 Pelopeides
949 1153 1016 1220 aris

96 1285 302 1351 Promovere
319 1276 482 1374 gradum,
499 1277 739 1370 seriemque'et
758 1274 848 1344 dona
866 1273 1030 1368 triumphi

98 1403 280 1490 Mirantur,
294 1400 577 1494 victiqueanimo
599 1398 729 1468 rediere
749 1371 873 1484 maritil

98 1527 210 1617 Atque
230 1522 289 1592 ubi
308 1521 454 1592 tardavit
474 1546 612 1608 currus,
632 1535 666 1590 et
683 1521 726 1594 ab
745 1544 808 1588 axe
827 1519 975 1615 superbo

98 1643 264 1739 Explorat
280 1668 399 1714 causas
418 1645 544 1733 victor,
565 1643 741 1737 poscitque
760 1643 907 1737 benigna

99 1769 191 1834 Aure
209 1789 344 1860 preces,
363 1789 445 1835 ausa
464 1780 543 1848 ante
563 1763 645 1834 alias
666 1766 838 1859 Capaneia
858 1765 982 1858 conjux
1001 1791 1008 1832 ε

151 1915 168 1951 α
187 1885 332 1981 Belliger
350 1885 486 1982 Algida,
508 1885 627 1958 subitae
646 1887 702 1955 cui
723 1887 869 1974 maxima
888 1883 996 1955 laudis

101 2009 237 2078 Semina
258 2006 300 2078 de
320 2009 444 2077 nostris
463 2008 572 2100 aperit
591 2010 741 2076 Fortuna
761 2008 887 2092 ruinis,

100 2131 180 2200 Nou
199 2144 339 2198 esterna
358 2153 483 2224 genus,
502 2127 583 2198 dirae
602 2153 664 2198 nec
683 2129 819 2198 conscia
837 2151 951 2216 noxae,

101 2251 218 2320 Turba
235 2275 350 2321 sumus
368 2275 375 2318 :
395 2248 515 2320 domus
535 2254 644 2345 Argos
662 2263 752 2338 erat,
769 2272 930 2344 regesque
948 2249 1077 2336 mariti,

101 2373 181 2442 Non
198 2373 329 2442 utinam
350 2386 384 2442 et
401 2370 505 2442 lortes
524 2398 532 2441 :
550 2369 632 2466 quid
650 2371 740 2441 enim
761 2383 898 2465 septena
916 2393 1053 2439 movere
1103 2435 1108 2444 ,

102 2497 242 2578 Castra,
259 2507 295 2562 et
312 2497 506 2590 Agenoreos
517 2517 610 2588 ,opus
629 2491 809 2562 emendare
828 2490 987 2586 penates?

101 2615 174 2684 Nec
189 2614 364 2708 querimur
382 2639 483 2685 caesos
502 2640 511 2683 ε
529 2615 600 2684 haec
620 2612 739 2684 bellica
754 2614 833 2708 jura
841 2635 857 2702 ,'
868 2615 1023 2707 vicesque

101 2739 309 2805 Armorum:
328 2734 384 2806 sed
404 2761 473 2806 non
492 2733 613 2806 Siculis
631 2749 747 2805 exorta
765 2735 828 2804 sub
846 2735 952 2804 antris

102 2858 278 2944 Monstra,
296 2882 358 2927 nec
374 2856 479 2929 Ossaei
495 2853 586 2926 bello
603 2855 753 2926 cecidere
770 2855 984 2925 bimembres.

102 2979 205 3047 Mitto
216 2977 525 3073 genus,clarosque
533 2975 999 3074 patres3bominum,inclyte
1008 2978 1159 3065 Theseu,

102 3100 249 3193 Sanguis
265 3114 380 3188 erant,
397 3100 571 3188 homines,
589 3099 773 3193 eademque
789 3101 825 3168 in
843 3097 966 3187 sidera,
980 3100 1112 3172 eosdem

101 3222 249 3291 Sortitus
269 3222 478 3310 animarum,
499 3221 726 3317 alimentaque
745 3235 854 3290 vestra
874 3221 996 3306 creati,
1019 3273 1023 3278 .

102 3343 199 3430 Quos
216 3358 309 3413 vetat
326 3345 405 3439 igne
422 3347 555 3432 Creon,
574 3346 764 3440 Stygiaque
784 3367 804 3411 a
823 3341 937 3411 limine
959 3356 1080 3436 portae,

95 3466 173 3532 Ceu
194 3479 286 3533 sator
301 3465 545 3554 Eumenidum,
564 3481 624 3535 aut
641 3464 767 3536 Iethaei
787 3464 933 3558 portitor
953 3464 1080 3550 amuis,

100 3583 305 3672 Submovct,
327 3609 365 3654 ac
385 3585 491 3655 dubio
510 3584 651 3680 coelique
668 3585 837 3679 Erebique
855 3584 916 3654 sub
935 3609 997 3652 axe

100 3707 247 3775 Detinet.
270 3710 343 3777 Heu
363 3709 521 3802 princeps
540 3705 677 3777 natural
694 3707 753 3776 ubi
772 3707 933 3776 numina?
952 3707 1009 3776 ubi
1029 3703 1084 3775 ille

100 3824 267 3897 Fulminis
286 3829 401 3922 injusti
416 3828 604 3924 jaculator?
622 3831 681 3899 ubi
701 3829 798 3918 estis,
818 3829 980 3898 Athenae?

100 3950 254 4042 Septima
270 3950 340 4042 jam
360 3976 500 4047 surgens
522 3951 661 4046 trepidis
680 3955 812 4022 Aurora
829 3951 978 4044 jacentes

99 4072 285 4140 Aversatur
301 4074 395 4164 equis
411 4099 419 4140 :
436 4071 548 4142 radios
567 4070 732 4162 declinat,
747 4088 780 4141 et
797 4073 914 4142 horret
