3172 5142
179 471 297 533 (mm.)
506 467 723 527 THEBAIDOS
746 473 855 527 LIBER
878 472 928 526 vl.
1183 473 1220 528 sr'l

179 597 361 686 Prospectu
378 593 467 660 visus
487 593 701 664 interclusere
718 597 855 666 nefasto.

179 715 342 782 Ditantur
359 711 499 782 llammae
517 738 524 780 :
542 738 611 784 non
629 739 776 807 unquam
794 714 984 810 opulentior
1001 713 1068 784 illic

181 837 270 902 Ante
293 834 376 900 cinis
397 857 405 900 :
428 829 594 926 crepitant
617 859 772 928 gemmae,
792 849 892 928 atque
914 837 1055 902 immane
1076 832 1224 926 liquescit

182 956 380 1044 Argentum,
398 968 431 1020 et
447 954 543 1045 pictis
559 955 696 1022 exsudat
712 955 856 1024 vestibus
873 980 1006 1039 aurum;

182 1074 255 1141 Nec
270 1096 337 1139 non
354 1073 497 1165 Assyriis
512 1074 735 1167 pinguescunt
748 1075 870 1144 robora
884 1077 1005 1159 succis,

182 1190 388 1282 Pallentique
407 1216 507 1260 croco
527 1192 669 1261 strident
687 1194 837 1264 ardentia
857 1193 973 1280 mella,

183 1315 447 1404 spumantesque
468 1337 560 1379 mero
580 1328 701 1406 paterae
720 1330 922 1408 verguntur,
943 1330 974 1382 et
995 1316 1056 1383 atri

185 1435 362 1525 Sanguinis
383 1448 416 1501 et
437 1435 524 1528 rapti
545 1435 731 1527 gratissima
749 1435 879 1526 cymbia
900 1433 1003 1504 lactis.

232 1555 327 1620 Tunc
343 1568 467 1646 septem
486 1577 625 1621 numero
643 1568 769 1621 turmas
785 1552 956 1647 (centenus
974 1555 1095 1647 ubique

184 1675 291 1766 Urget
309 1674 430 1767 eques)
450 1675 551 1742 versis
571 1673 698 1742 ducunt
714 1673 899 1766 insignibus
917 1675 980 1766 ipsi

185 1793 384 1887 Grajugenae
404 1817 513 1886 reges,
536 1791 759 1884 lustrantque,
779 1818 818 1860 ex
836 1818 943 1879 mure,
962 1795 1095 1863 sinistro

184 1911 276 1980 Orbe
295 1937 428 2008 rogum,
446 1928 479 1980 et
497 1927 620 1982 stantes
638 1911 799 1980 inclinant
816 1913 954 2005 pulvere
971 1913 1128 1982 flammas.

184 2035 250 2098 Ter
275 2057 394 2102 curros
417 2057 513 2126 egere
536 2035 642 2118 sinus,
662 2031 812 2126 illisaque
828 2032 900 2102 telis

185 2151 264 2220 Tela
281 2168 402 2222 sonant
420 2179 427 2220 :
446 2168 563 2246 quater
574 2153 783 2228 ¹horrendum
803 2151 960 2247 pepulere
976 2153 1139 2248 fragorem

186 2277 301 2359 Arma,
319 2288 435 2365 quater
451 2272 586 2340 mollem
602 2271 801 2342 famularum
819 2272 955 2342 brachia
971 2272 1151 2367 planctum.

236 2395 451 2464 Semianimes
468 2392 552 2463 alter
567 2392 710 2486 pecudes
728 2395 955 2487 spirantiaque
974 2395 1059 2488 ignis

189 2517 319 2607 Accipit
336 2529 485 2586 armenta
504 2541 511 2581 ε
532 2515 585 2582 bic
605 2513 712 2582 luctus
730 2513 877 2600 abolere,
899 2515 1043 2608 novique

188 2637 326 2704 Funeris
345 2638 548 2729 auspicium,
568 2651 659 2703 vates
680 2637 885 2730 (quanquam
903 2637 1016 2704 omina
1036 2637 1134 2704 sentit

187 2755 299 2850 Vera)
313 2756 423 2848 jubet,
442 2756 549 2824 dextri
566 2781 665 2850 gyro,
683 2770 716 2824 et
733 2756 939 2824 vibrantibus
959 2756 1078 2842 hastis,

188 2881 257 2944 Hac
272 2875 431 2962 redeunt,
449 2890 647 2970 raptumque
665 2877 732 2944 suis
749 2875 894 2944 libamen
911 2885 952 2942 ab
970 2877 1053 2944 armi

187 2997 338 3089 Quisque
350 2996 447 3088 jacit,
464 3021 522 3066 seu
540 2997 632 3066 frena
651 2994 744 3080 libet,
763 3021 820 3063 seu
839 2995 971 3089 cingula
992 2997 1131 3065 flammis

188 3119 356 3212 Mergere‚
378 3142 433 3186 seu
449 3116 613 3210 jaculum,
633 3141 770 3185 summae
787 3141 844 3184 seu
862 3115 997 3185 cassidis
1014 3117 1177 3187 umbram.

236 3237 345 3307 Multa
360 3254 498 3332 gemunt
513 3253 631 3308 contra
647 3239 757 3306 raucis
774 3236 990 3306 concentibus
1007 3239 1095 3331 agri,

189 3363 232 3428 Et
249 3358 339 3428 lituis
361 3384 457 3428 aures
476 3362 601 3428 circum
622 3357 798 3452 pulsantur
816 3359 930 3436 acutis.

188 3482 343 3548 Terretur
361 3479 504 3548 elamore
523 3503 639 3547 nemus
658 3504 664 3544 :
684 3481 730 3548 sic
747 3479 870 3546 Martia
888 3475 1015 3544 vellunt

188 3600 289 3690 Signa
305 3599 409 3686 tubae,
426 3599 575 3668 nondum
593 3601 642 3666 ira
658 3597 757 3684 calet,
775 3622 837 3665 nec
855 3598 1015 3688 sanguine
1033 3597 1155 3666 ferrum

188 3719 349 3802 lrrubuit,
366 3720 474 3810 primo
489 3716 653 3786 bellorum
668 3719 811 3786 comitur
826 3715 882 3785 illo
954 3743 955 3748 ¹

189 3837 322 3924 Vultus,
339 3838 474 3906 honoris
492 3863 575 3932 opus
594 3865 601 3906 :
621 3853 686 3906 stat
700 3837 810 3906 adbuc
827 3838 973 3906 incertus
991 3838 1024 3906 in
1041 3837 1106 3906 alta

188 3957 299 4042 Nube,
317 3958 437 4049 quibus
451 3982 521 4026 sese
536 3961 671 4027 lllavors
693 3956 864 4052 indulgeat
882 3960 993 4026 armis.

235 4077 325 4144 Finis
340 4093 427 4160 erat,
447 4076 624 4171 lapsusque
643 4093 756 4172 putres
773 4079 837 4146 iam
856 4077 1020 4146 Mulciber
1035 4078 1104 4146 ibat
