3094 5140
122 499 157 558 (s.
176 495 245 556 ⁵35.)
446 489 663 547 'rmtmos
683 491 796 546 um
818 491 854 548 x.

121 620 293 693 Moenibus
311 643 320 688 t
339 617 513 689 exundant
530 641 618 686 saevo
635 615 767 712 fastigia
788 616 925 704 nimbo,

121 746 338 836 Armatasque
355 752 499 809 vomunt
516 737 692 807 stridentia
712 734 778 808 tela
795 737 957 807 fenestre.

121 861 282 955 Qualiter
293 876 352 932 aut
367 859 524 950 Malean,
541 874 600 929 aut
620 856 688 928 alta
704 857 871 929 Ceraunia
887 881 991 953 supra

121 963 302 1054 Cessantes
320 985 357 1052 in
374 981 465 1060 nube
482 980 622 1068 sedent,
636 980 810 1075 nigrisque
831 977 991 1074 leguntur
1039 960 1046 969 ’

119 1104 348 1188 Collibus‚'et
363 1103 483 1173 subite
500 1100 627 1171 saliunt
640 1101 675 1170 in
694 1097 767 1170 vela
785 1096 944 1195 procellas
962 1125 971 1168 ε

118 1223 214 1295 Talis
228 1225 413 1319 Agenoreis
428 1223 594 1318 Argivum
610 1222 773 1292 exercitus
789 1222 892 1290 arnus

120 1346 292 1417 Obruitur
307 1369 317 1415 t
344 1369 414 1414 non
427 1343 638 1429 oracleum,
657 1365 728 1410 non
746 1355 884 1438 pectora
901 1340 1009 1412 flectit

119 1466 237 1537 Imber
254 1482 370 1554 atrox,
389 1478 567 1558 rectosque
586 1477 703 1533 tenent
721 1463 757 1532 in
774 1464 899 1533 moenia
917 1463 1031 1534 vultus

36 1579 47 1598 '
119 1593 340 1658 Immemores
357 1583 436 1673 leti,
453 1599 487 1655 et
504 1598 638 1655 tantum
656 1607 716 1654 sua
733 1583 802 1654 tola
820 1584 981 1654 videntes.
1060 1663 1061 1666 Ἴ

119 1707 256 1778 Anthea
275 1705 397 1777 falcato
416 1703 617 1778 lustrantem
637 1705 762 1774 moenia
780 1729 883 1775 curru

119 1832 282 1923 Desuper
296 1827 436 1924 Ogygiae
451 1823 584 1922 pepulit
603 1826 715 1921 grauis
729 1827 875 1921 impetus
892 1827 1007 1896 bastae.

121 1953 216 2018 Lora
232 1972 371 2018 excussa
387 1971 512 2029 manu,
531 1961 697 2042 retroque·
708 1948 744 2016 in
760 1961 856 2042 terga
872 1945 1010 2016 volutus

121 2069 345 2139 semianimos
359 2082 453 2137 arttrs
473 2069 580 2138 ocreis
598 2067 821 2138 retinentibus
836 2067 958 2154 heret3

121 2187 321 2260 Mirandum
341 2190 416 2260 visu
435 2187 515 2258 belli
536 2185 658 2260 seelusl
680 2212 774 2258 arma
793 2188 989 2277 trahuntur,

123 2314 373 2404 Fumantesque
390 2324 473 2380 rotae
488 2307 658 2398 tellurem,
675 2323 711 2378 et
730 2309 847 2378 tertius
866 2309 968 2378 haste

123 2429 245 2501 Sulcus
263 2444 362 2500 arant
379 2457 388 2498 :
408 2428 511 2526 longo
527 2431 681 2524 sequitur
698 2453 784 2524 vaga
800 2427 939 2524 pulvere
954 2431 1068 2500 cervix

123 2556 169 2622 Et
185 2552 421 2647 resupinarum
437 2564 532 2645 patet
548 2550 659 2620 orbita
672 2547 778 2644 longe
789 2573 976 2620 comarum.

173 2677 220 2743 At
238 2671 319 2742 tuba
337 2671 491 2742 luctificis
510 2669 625 2766 pulsat
641 2668 856 2766 clangoribus
877 2671 1012 2757 urbem,
1050 2701 1054 2708 ’
1189 2683 1190 2686 ’

123 2791 361 2887 Obseptasque
376 2790 466 2862 fores
483 2779 595 2862 sonitu
612 2791 792 2887 perfringit
808 2815 934 2862 amaro.

122 2913 276 2984 Divisere
293 2911 422 3001 aditus,
440 2912 600 3007 omnique
619 2910 656 2985 in
676 2910 793 2982 limine
813 2935 920 2983 sevus

126 3031 274 3128 Signifer
290 3047 370 3103 ante
385 3017 507 3104 omnes
521 3056 582 3103 sua
599 3031 721 3102 damna
739 3046 774 3102 et
790 3032 913 3128 gaudia
930 3023 1055 3128 portat.

124 3154 210 3223 Dira
227 3153 317 3223 inuis
335 3152 436 3226 facies
454 3179 462 3222 :
484 3153 539 3223 vix
555 3155 693 3224 Mavors
710 3153 783 3248 ipse
798 3151 944 3223 videndo

36 3336 40 3345 ,
124 3272 303 3344 Gaudeat:
326 3275 463 3343 incertis
482 3272 689 3370 lymphatam
707 3273 907 3344 horroribus
927 3271 1046 3344 urbem

124 3393 291 3465 Scindunt
312 3394 462 3466 dissensu
481 3396 596 3482 vario,
615 3393 812 3489 luctusque,
833 3393 1015 3489 flatusque,

123 3520 169 3586 Et
184 3520 304 3611 pavor·,'
318 3531 352 3586 et
369 3517 465 3586 caecis
481 3515 561 3612 fuga
579 3515 782 3586 circumfusa
803 3515 958 3586 tenebris.

122 3635 253 3707 Bellum
271 3638 414 3708 intrasse
431 3653 529 3731 putes
546 3663 555 3708 ε
577 3636 706 3708 servem
722 3634 927 3708 discursibus
941 3660 1053 3721 eroes,

123 3759 314 3830 Miscentur
329 3756 475 3829 clansore
495 3759 557 3828 vie
575 3783 583 3828 t
603 3757 730 3830 ferrum
750 3757 917 3852 undique,
936 3771 971 3828 et
988 3758 1081 3852 ignes

121 3879 241 3974 Mente
256 3879 373 3952 vident
392 3906 400 3949 :
416 3903 518 3950 saevss
532 3893 822 3974 mentenocepero
841 3895 988 3950 catenas.

122 4004 320 4073 Consumsit
337 4017 482 4073 ventura
500 4003 629 4072 timor:
645 4001 715 4097 jam
733 4016 824 4072 tecta
842 4001 1028 4096 replerant,

123 4121 348 4218 Templaque,
365 4139 400 4194 et
411 4125 552 4220 ingrate
569 4121 738 4194 vallantur
752 4121 942 4218 planctibus
956 4119 1032 4193 areg

1126 511 1178 568 ¹9¹
