3206 5136
397 477 435 534 36
716 475 934 533 THEBAIDOS
956 476 1068 532 LIBER
1095 477 1127 532 V.
1337 475 1370 540 (v.
1382 477 1450 538 175.)

394 601 647 695 Promissasque
660 601 801 670 trahunt
812 601 956 695 pecudes
971 627 979 670 ε
994 603 1090 696 niger
1103 601 1260 670 omnibus
1271 603 1339 672 eris

395 723 503 816 Ignis,
523 723 610 790 etin
629 719 731 790 nullis
749 723 854 816 spirat
872 725 964 791 Deus
985 723 1117 816 integer
1136 723 1232 790 eatis.

445 841 616 910 «Tardius
636 841 790 911 humenti
809 856 943 910 noctem
961 841 1086 934 dejecit
1102 840 1247 936 Olympo

396 965 567 1058 Iuppiter,
590 975 624 1030 et
645 987 779 1032 versum
800 963 893 1048 miti,
913 986 1010 1048 reor,
1031 963 1157 1032 ethera
1175 988 1256 1032 cura

398 1084 579 1170 Sustinuit,
600 1081 681 1152 dum
701 1081 771 1151 lata
789 1097 906 1152 vetant
923 1108 932 1150 ε
952 1107 1013 1151 nec
1030 1080 1164 1178 longius
1182 1107 1331 1176 unquam

397 1207 580 1274 Cessavere
600 1226 696 1271 nove
711 1201 860 1296 perfecto
879 1202 949 1272 sole
967 1204 1122 1272 tenebrae.

398 1325 478 1392 Sera
496 1337 608 1390 tamen
626 1321 754 1390 mundo
775 1336 944 1392 venerunt
959 1339 1069 1410 astra,
1090 1323 1148 1392 sed
1160 1321 1234 1392 'illis

398 1445 442 1510 Et
459 1445 582 1526 Paros,
601 1455 636 1509 et
653 1465 829 1510 nemorosa
847 1441 993 1529 ssasos,
1012 1443 1204 1537 crebreque
1220 1442 1372 1513 relucent

399 1559 561 1654 Cyclades
581 1586 588 1628 :
610 1585 677 1630 una
696 1563 790 1656 gravi
808 1563 941 1656 penitus
960 1560 1043 1634 latet
1060 1564 1180 1634 obruta
1200 1562 1284 1632 coelo

398 1685 562 1769 Lemnos,
581 1683 617 1750 in
635 1682 723 1752 hanc
742 1683 853 1752 tristes
872 1683 1020 1773 nebulae,
1040 1699 1074 1753 et
1090 1682 1189 1780 plaga
1208 1709 1295 1754 caeca
1311 1708 1454 1778 superne

398 1802 556 1888 Texitur,
576 1827 645 1871 una
663 1803 757 1898 vagis
777 1805 924 1872 Lemnos
943 1829 1012 1872 non
1032 1804 1147 1898 agnita
1167 1805 1289 1872 nautis.
1377 1825 1381 1834 ’

450 1925 551 1991 «lam
569 1919 722 1990 domibus
742 1922 806 1990 lusi
824 1938 858 1990 et
877 1947 1056 1992 nemorum
1076 1947 1261 2018 peropaca
1281 1947 1453 1992 sacrorum

400 2044 536 2116 Ditibus
556 2040 733 2136 indulgent
750 2041 877 2138 epulis,
900 2058 1109 2136 vacuantque
1127 2043 1298 2138 profundo
1400 2079 1403 2084 ·

401 2167 530 2234 Aurum
548 2165 695 2232 immane
712 2187 805 2232 mero
822 2190 829 2231 :
851 2162 931 2234 dum
949 2189 1023 2258 quae
1040 2189 1102 2259 per
1119 2167 1298 2259 Strymona
1315 2189 1454 2259 pugna,

279 2329 285 2335 -
401 2286 487 2374 Quis
506 2282 689 2378 Rhodope,
709 2282 865 2378 gelidove
883 2283 980 2354 labor
999 2282 1137 2354 sudatus
1156 2286 1190 2352 in
1211 2287 1345 2373 Haemo,

401 2407 609 2477 Enumerare
630 2419 727 2474 vacat
748 2431 755 2471 :
775 2429 836 2474 nec
855 2429 943 2486 non,
965 2405 1226 2500 manusimpia,
1246 2419 1361 2500 nuptae

402 2531 498 2597 Serta
519 2529 626 2614 inter,
648 2525 815 2620 festasque
835 2524 956 2621 dapes,
978 2549 1046 2619 quo
1066 2527 1212 2594 maxima
1231 2523 1324 2594 cultu

402 2649 552 2742 Quaeque
568 2649 683 2740 jacent
705 2675 713 2716 ε
736 2647 877 2716 dederat
895 2648 990 2716 mites
1011 2647 1177 2741 Cytherea
1197 2669 1357 2740 suprema

402 2771 510 2839 Nocte
528 2771 636 2856 viros,
655 2766 825 2862 longoque
843 2768 981 2836 brevem
999 2781 1078 2861 post
1097 2782 1250 2861 tempore
1268 2790 1386 2862 paoem

402 2891 653 2982 Nequicquam,
675 2903 709 2957 et
726 2889 865 2957 miseros
885 2890 1037 2982 perituro
1059 2887 1234 2958 afflaverat
1252 2891 1335 2985 igni.

451 3010 680 3079 «Conticuere
697 3009 792 3078 chori
814 3035 823 3076 :
842 3009 1003 3104 dapibus,
1026 3007 1174 3103 ludoque
1195 3009 1309 3079 licenti

402 3131 455 3198 Fit
471 3130 610 3217 modus,
629 3144 662 3198 et
679 3131 795 3223 primae
814 3129 1013 3198 decrescunt
1030 3154 1202 3200 murmura
1223 3133 1352 3219 noctis,

403 3251 518 3338 Quum
537 3251 777 3344 consanguinei
798 3252 922 3319 mixtus
942 3249 1084 3344 caligine
1103 3250 1180 3339 leti,

403 3373 492 3440 llore
511 3369 648 3439 madens
665 3371 797 3464 Stygio,
814 3371 1016 3439 morituram
1034 3359 1251 3466 amplectitur
1266 3347 1385 3442 urbem

403 3491 564 3577 Somnus,
583 3503 617 3559 et
634 3489 814 3584 implacido
831 3489 943 3559 fundit
960 3493 1075 3585 gravia
1093 3493 1164 3560 otia
1182 3517 1313 3561 cornu:

405 3612 623 3703 Secernitque
645 3611 734 3678 viros
754 3637 761 3678 :
783 3609 925 3706 vigilant
943 3625 1142 3706 nuptaeque,
1164 3637 1337 3706 nurusque

403 3733 443 3799 ln
465 3728 588 3816 scelus,
610 3743 710 3823 atque
730 3727 854 3798 hilares
873 3745 1001 3798 acuunt
1019 3730 1088 3800 sera
1107 3728 1174 3800 tela
1192 3755 1335 3802 sorores.

375 3921 378 3936 „
405 3855 559 3920 Invasere
580 3849 692 3938 nefas,
714 3864 836 3920 cuncto
855 3874 916 3919 sua
936 3865 1052 3945 regnat
1072 3853 1217 3946 Erinnys

403 3973 540 4040 Pectore
558 3996 654 4039 :non
672 3969 771 4040 aliter
788 3971 962 4064 Scythicos
979 3985 1208 4068 armentt'per
1225 3998 1327 4070 agros

403 4095 566 4184 llyrcanae
584 4089 733 4160 clausere
752 4090 827 4180 leae,
849 4116 932 4185 quas
951 4092 1054 4186 exigit
1073 4107 1150 4162 ortu
