3094 5140
72 483 191 547 (nats.)
388 479 602 536 Tnanamos
624 479 735 536 LIBER
757 479 792 534 X.
823 528 828 539 ,
1072 480 1123 536 181

124 607 214 678 Talis
228 605 574 678 erat,turmae.ductor
592 603 763 700 longaevus
781 604 925 678 Achiva.
945 661 947 668 .

73 732 146 800 Nec
165 729 257 798 deest
273 727 389 823 coaptis
408 725 568 796 :nUnde
585 725 655 798 haec
675 741 743 795 tam
763 751 837 830 sera
853 741 990 820 repente

73 848 246 919 Numina?
262 850 328 943 qui
340 847 463 918 fractos
483 847 604 943 Superi
620 845 765 915 rediistis
785 846 828 914 ad
844 847 971 942 Argos?
991 899 994 904 -
1017 869 1020 876 ’

72 973 183 1039 Estne
202 969 257 1038 hic
276 966 391 1038 infelix
407 964 541 1037 virtus?
555 967 713 1060 gentique
735 983 901 1063 superstes

72 1091 240 1184 Sanguis,
257 1105 291 1160 et
309 1091 343 1157 in
359 1089 489 1158 miseris
509 1089 700 1156 animorum
717 1089 845 1157 semina
864 1088 1007 1159 durant?
1052 1107 1056 1119 '

73 1210 196 1280 Laudo
216 1208 390 1304 equidem,
411 1209 537 1303 egregii
550 1208 709 1302 juvenes,
727 1206 935 1304 pulchraque
954 1234 1106 1279 meorum

73 1330 250 1400 Seditione
268 1329 387 1400 fruor:
407 1328 465 1398 serl
483 1326 655 1416 fraudem,
676 1343 711 1397 et
726 1345 844 1423 operta
862 1355 1019 1425 paramus

74 1449 199 1520 Proelia
216 1476 224 1518 :
243 1447 373 1520 celandi
394 1464 505 1519 motus
524 1472 730 1542 :nunquam
750 1465 830 1545 apta
850 1449 968 1520 latenti

73 1571 192 1641 Turba
209 1568 289 1642 dolo
309 1584 468 1642 :servate
487 1569 616 1638 animos
635 1594 643 1637 :
663 1570 756 1642 venit
772 1568 862 1640 ultor
879 1571 913 1639 in
932 1571 1045 1640 hostes

74 1695 165 1760 Ecce
182 1688 253 1759 dies
272 1716 280 1758 :
304 1704 495 1760 tuncarma
512 1687 643 1783 palam,
664 1704 745 1760 tunc
763 1690 885 1761 ibimus
903 1716 1030 1761 omnes.
1054 1723 1070 1756 n

131 1811 192 1880 His
209 1809 345 1880 tandem
363 1811 471 1882 virtus
484 1811 648 1904 juvenum
665 1810 796 1881 frenata
815 1813 952 1906 quievit.

76 1933 158 2000 Non
176 1929 275 2002 aliter
289 1947 383 2002 moto
399 1956 501 2025 quam
519 1932 547 2000 si
567 1947 664 2026 pater
681 1931 797 2004 AEolus
815 1948 915 2003 antro
959 1970 964 1990 .·
984 1912 990 1922 ’

76 2057 218 2122 Portam
238 2055 361 2126 iterum
381 2077 461 2124 saxo
478 2069 610 2148 premet
629 2031 855 2148 imperiosus,
866 2070 900 2123 et
915 2080 1015 2122 omne

77 2173 227 2245 Claudat
245 2176 324 2260 iter,
340 2174 480 2267 jamjam
499 2173 713 2269 sperantibus
731 2175 867 2268 teqwa
885 2177 1002 2244 ventis.

77 2297 225 2389 lnsuper
242 2292 525 2364 Herculeumsibi
540 2294 656 2388 jungit
674 2293 812 2389 Agyllea
830 2309 920 2364 vates
962 2349 966 2356 .

77 2419 298 2509 Actoraque:
316 2415 372 2484 hic
390 2428 488 2508 aptus
505 2412 663 2501 suadere,
681 2415 738 2483 bic
754 2415 876 2484 robora
889 2417 994 2509 jactat
1036 2441 1038 2448 ’

78 2537 161 2605 Non
181 2535 318 2605 cessisse
337 2535 425 2629 patri
446 2561 454 2604 :
476 2535 740 2604 comitestribus
753 2533 878 2606 urdine
897 2536 993 2622 deni,

78 2655 299 2724 Horrendum
315 2656 452 2740 Aoniis,
474 2669 508 2724 et
525 2669 645 2724 contra
664 2657 848 2746 stantibus,
867 2683 998 2752 agmen.
1030 2691 1032 2694 ·

133 2780 226 2870 lpse,
245 2755 325 2845 novi
347 2774 503 2872 gradiens
523 2775 674 2845 furtaad
691 2780 855 2846 mavortia
872 2777 972 2866 belli,

79 2897 185 2967 Ponit
203 2894 359 2966 adoratas
376 2895 523 2965 Pboebea
542 2896 686 2991 insignia
707 2897 862 2983 frondes,

79 3017 314 3112 Longaevique
333 3015 428 3086 ducis
449 3017 578 3110 gremio
595 3016 813 3088 'commendat
833 3019 1015 3090 honorem-

80 3138 236 3226 Frontis,
254 3151 289 3206 et
306 3134 454 3206 oblatam
474 3135 643 3232 Polynicis
661 3163 801 3208 munere
819 3156 926 3236 grato,

80 3258 241 3328 loricam
261 3254 459 3351 galeamque
477 3257 567 3326 subit
585 3283 594 3325 :
614 3257 704 3327 serus
724 3263 847 3329 Actora
869 3286 993 3356 magno

82 3385 174 3450 Ense
195 3393 314 3473 gravat
330 3381 523 3473 Capaneus,
543 3377 615 3473 ipse
631 3377 722 3447 baud
744 3378 901 3475 dignatus
921 3381 956 3449 in
977 3381 1108 3451 hostem

81 3504 138 3570 lre
157 3498 255 3588 dolo,
274 3500 487 3594 Superosque
503 3499 597 3593 sequi
619 3525 627 3567 :
646 3515 817 3594 permutat
838 3501 999 3597 Agylleus
1045 3547 1047 3554 ·

82 3627 188 3692 Arma
207 3621 312 3690 trucis
330 3620 444 3690 Nomii
463 3645 471 3687 :
492 3619 574 3712 quid
592 3621 682 3690 enim
699 3620 893 3693 fallentibus
912 3625 1041 3694 umbris

81 3746 211 3828 Arcus,
229 3757 264 3810 et
279 3737 451 3809 Herculeae
463 3739 631 3833 juvissent
644 3739 732 3811 bella
751 3745 901 3838 sagitte?

133 3860 218 3931 tnde
235 3885 297 3957 per
314 3860 473 3956 abruptas
487 3874 675 3946 castrorum
694 3886 735 3932 ex
749 3888 872 3961 aggere
890 3870 1029 3962 pinnas,

85 3987 139 4054 Ne
159 3984 270 4079 gravis
286 3979 452 4052 exclamet
471 3995 577 4076 postte
595 3983 744 4078 mugitus
765 3985 897 4075 ahenae,

83 4105 302 4198 Pracipitaut
315 4103 402 4174 saltu
417 4129 425 4172 :
443 4099 680 4196 neclongum,
693 4119 737 4173 et
754 4109 907 4200 protinus
925 4111 1043 4206 ingens
