3172 5142
390 445 444 508 ιη
693 435 905 494 rsmnunos
926 433 1041 491 unnn
1054 431 1132 490 vm.
1326 421 1451 489 tenuo
1572 402 1573 411 '

387 562 585 652 Connnhia,
602 576 636 631 et
654 558 759 630 multa
780 559 956 630 deductam
974 555 1126 652 lampade
1143 555 1289 624 fratrum

387 682 594 771 Harmonien
621 708 629 751 ε
649 681 815 776 nullisque
835 680 926 749 deest
944 703 1004 748 sua
1021 675 1133 746 fabula
1152 676 1288 744 mensis.

386 805 458 874 Ceu
473 803 574 872 modo
593 803 823 897 gemmiferum
843 801 959 894 thyrso
975 796 1155 893 populatus
1171 793 1380 890 Hydaspen,

386 927 540 1017 ansque
556 923 675 993 domos
685 911 803 1018 ,nigri
820 918 941 990 vexilla
954 918 1118 1014 triumphi
1195 919 1196 924 ’

233 1085 237 1090 =
386 1043 501 1132 Liber,
518 1044 559 1112 et'
568 1044 701 1137 ignotos
715 1038 848 1137 populis
863 1039 1055 1110 ostenderet
1065 1036 1177 1106 Indos.

434 1165 523 1232 Tum
542 1163 689 1257 primum
706 1161 749 1231 ad
766 1173 888 1246 coetus,
905 1161 1067 1252 sociaeque
1090 1154 1276 1226 ad'l'oedera
1293 1177 1447 1238 mensae,

388 1285 527 1376 Semper
543 1281 790 1375 inadspectum,
811 1278 951 1373 diraque
968 1280 1002 1348 in
1023 1277 1101 1348 sede
1117 1275 1295 1372 latentem,

388 1400 593 1497 OEdipoden
610 1403 715 1470 exisse
732 1399 866 1488 ferunt,
885 1398 1047 1493 vultuque
1061 1422 1178 1468 sereno

387 1521 555 1591 Canitiem
571 1521 702 1615 nigram
716 1518 888 1616 squalore,
906 1534 939 1589 et
953 1517 1088 1589 sordida
1102 1517 1184 1587 fusis
1242 1597 1247 1604 ,

389 1642 461 1708 Ora
479 1641 584 1708 comis
602 1637 730 1708 laxasse
748 1662 867 1724 manu,
884 1639 1078 1730 sociumque
1093 1637 1256 1731 benignos

325 1799 333 1810 ‚
389 1756 534 1843 thasus,
552 1771 586 1826 et
602 1757 720 1827 abacta
738 1758 832 1852 prius
849 1755 967 1825 solatia
985 1779 1140 1850 passum:

389 1877 483 1967 Quin
499 1877 648 1945 hausisse
663 1853 780 1972 dapes,
799 1876 1061 1970 insiccatumque
1074 1898 1228 1944 cruorem

390 1996 559 2089 Dejecisse
576 1997 669 2092 genis
685 2011 847 2066 :cunctos
865 1996 1041 2088 auditque,
1059 1994 1241 2089 refertque,

391 2117 461 2204 Qui
478 2117 611 2205 Ditem,
632 2130 665 2186 et
683 2121 709 2186 F
711 2118 800 2187 urias
819 2130 969 2204 tantum,
989 2130 1022 2186 et
1040 2115 1220 2210 siquando
1240 2129 1419 2209 regentem

391 2236 600 2331 Antigonen,
618 2237 745 2306 moestis
761 2234 877 2305 solitus
894 2235 1028 2331 pulsare
1043 2234 1199 2330 querelis.

392 2357 503 2426 Causa
521 2353 624 2425 latet:
644 2381 713 2424 non
731 2355 823 2426 huuc
840 2356 932 2450 Tyrii
952 2356 1020 2424 fors
1039 2379 1199 2450 prospera
1214 2353 1313 2442 belli;

392 2478 538 2545 Tantum
556 2474 644 2546 bella
654 2476 800 2568 juvant:
822 2492 940 2547 uatum
958 2476 1195 2570 hortaturque,
1208 2477 1419 2571 probatque,

392 2597 466 2665 Nec
482 2593 600 2665 vicisse
615 2592 714 2684 velit3
734 2596 793 2666 sed
810 2598 935 2691 primos
955 2597 1107 2666 cominus
1124 2619 1218 2666 enses

393 2717 438 2784 Et
458 2712 621 2784 scelerum
635 2716 738 2784 tacito
758 2717 899 2785 rimatur
914 2718 1040 2786 semina
1054 2731 1146 2786 voto.

392 2833 475 2903 Inde
494 2831 600 2928 epulae
617 2833 749 2923 dulces,
768 2837 950 2931 ignotaque
966 2835 1087 2931 gaudia
1104 2833 1211 2904 vultu.

394 2951 513 3040 Qualis
530 2967 606 3048 post
624 2951 733 3049 longae
750 2954 897 3024 Phineus
913 2956 1042 3049 jejunia
1059 2979 1183 3050 poenae,

394 3071 453 3143 Nil
472 3070 613 3142 stridere
631 3072 722 3142 domi
742 3070 894 3170 volucres
911 3089 950 3144 ut
968 3069 1069 3144 sensit
1084 3076 1234 3163 abactas,

394 3191 548 3264 Necdum
568 3207 641 3262 tota
659 3191 761 3281 fides,
777 3191 913 3282 hilaris,
933 3219 1144 3289 mensasque,
1163 3211 1336 3290 torosque,
1450 3177 1455 3184 ¹
1573 3179 1574 3188 ἵ

394 3313 466 3381 Nec
484 3312 617 3382 turbata
634 3311 713 3382 feris
732 3315 887 3382 tractavit
905 3311 1025 3409 pocula
1041 3317 1168 3410 pennis.

444 3434 564 3502 Cetera
580 3434 762 3502 Graiorum
779 3435 868 3503 curis
883 3435 1049 3528 armisque
1063 3435 1195 3530 jacebat

396 3557 493 3622 Fessa
512 3551 656 3621 cohors.
674 3550 742 3620 alto
759 3568 943 3622 castrorum
963 3579 1003 3624 ex
1023 3581 1144 3651 aggere
1159 3555 1319 3626 Adrastus

396 3671 560 3742 Laetiflcos
578 3673 670 3740 tenui
689 3673 844 3767 captabat
862 3673 963 3744 corde
982 3674 1160 3765 tumultus,

397 3792 601 3884 Quanquam
620 3816 709 3887 aeger
727 3793 842 3862 senio·
858 3792 916 3862 sed
935 3795 1004 3889 agit
1021 3796 1209 3865 miseranda
1224 3810 1369 3890 potestas

396 3908 576 4006 Invigilare
595 3908 715 3980 malis:
708 3911 828 3981 ·illum
845 3937 949 3984 oereus
969 3915 1118 4010 undique
1135 3914 1262 3985 clamor

397 4030 616 4124 Thebanique
632 4046 737 4101 urunt
753 4035 903 4124 sonitus,
922 4049 956 4104 et
973 4059 1087 4105 amara
1105 4036 1233 4108 lacessit
