3172 5142
388 445 424 509 74
720 443 933 502 annuamus
954 445 1064 502 LlBER
1085 445 1135 502 Vl.
1320 445 1444 508 (essm

386 564 570 636 Centauros
588 567 688 636 hahet
707 583 778 637 arte
798 583 924 658 truces,
944 593 1130 663 aurumque
1148 568 1263 664 figuris

354 715 359 728 ·
387 683 572 753 Terribile:
592 686 648 756 hic
667 688 769 756 mixta
789 688 1010 782 Lapitharum
1029 688 1117 758 caede
1135 701 1290 758 rotantur

386 805 490 894 Saxa,
512 805 617 894 faces,
638 805 760 900 aliique
778 809 896 876 iterum
916 823 1077 897 craterem
1097 809 1220 902 ubique

385 928 540 1020 Ingentes
556 927 758 996 morientum
777 930 833 996 irae
851 953 859 996 :
879 943 971 999 tenet
987 930 1058 1024 ipsc
1075 929 1238 998 furentem

386 1043 551 1138 Hylaeum,
570 1060 603 1116 et
622 1062 709 1116 torta
727 1047 865 1117 molitur
884 1049 1007 1118 robora
1027 1051 1141 1118 barba.

433 1169 477 1236 At
494 1167 554 1236 tihi
574 1169 720 1236 Maeonio
739 1167 845 1238 fertur
861 1169 1057 1239 circumllua
1076 1169 1178 1240 limbo

385 1291 450 1356 Pro
470 1287 613 1374 meritis,
631 1287 783 1374 Admete,
805 1288 970 1382 chlamys,
992 1292 1196 1383 repetitaque
1215 1289 1323 1358 multo

385 1409 527 1478 Murice.
547 1405 689 1501 Phryxei
708 1423 803 1476 natat
819 1409 874 1476 hic
891 1423 1079 1479 contemtor
1099 1411 1249 1504 ephebus

387 1529 560 1622 AEquoris‚
580 1542 614 1596 et
631 1529 721 1622 picta
740 1527 924 1598 translucet
941 1530 1082 1600 caerulus
1100 1529 1214 1600 unda:

385 1651 424 1718 ln
442 1647 528 1716 latus
549 1647 597 1716 ire
614 1671 751 1734 manus,
769 1662 1027 1743 mutaturusque
1048 1649 1179 1720 videtur

386 1769 546 1854 Brachia,
567 1791 628 1837 nec
649 1769 774 1838 siccum
792 1794 903 1864 speres
916 1771 956 1838 'in
979 1772 1119 1839 stamine
1138 1773 1286 1840 crinem:

388 1893 510 1962 Contra
532 1905 642 1960 autem
660 1885 784 1960 frustra
802 1891 894 1961 sedet
912 1894 1011 1961 anxia
1025 1908 1118 1962 turre
1138 1917 1293 1987 suprema

384 2017 505 2086 Sestias
524 2015 559 2083 in
579 2009 745 2108 speculis:
765 2013 910 2080 moritur
928 2037 1034 2106 propa
1049 2015 1202 2085 conscius
1219 2014 1318 2112 ignis.

384 2139 453 2206 Has
470 2135 631 2207 Adrastus
652 2155 732 2225 opes
751 2129 841 2199 dono
862 2132 1045 2204 victoribus
1066 2134 1117 2205 ire

383 2259 551 2353 Imperat:
572 2271 607 2326 ar
623 2280 782 2352 generum
805 2249 930 2322 famula
947 2252 1075 2324 solatur
1094 2257 1223 2326 llchaea.

433 2376 600 2450 Sollicitat
615 2390 696 2446 tunc
715 2369 827 2468 ampla
844 2375 935 2442 uiros
955 2372 998 2442 ad
1017 2377 1154 2468 praemia
1172 2401 1272 2446 cursu

386 2495 579 2568 Praecsleres
599 2522 608 2569 ε
628 2495 714 2592 agile
732 2493 899 2582 studium,
918 2509 952 2563 et
967 2495 1161 2564 tenuissima
1178 2499 1302 2585 virtus,

384 2621 478 2689 Pacis
495 2642 594 2714 opus,
615 2642 719 2711 quum
737 2641 832 2686 sacra
854 2630 992 2696 vocant3
1013 2639 1074 2684 nec
1094 2615 1209 2686 inutile
1226 2615 1323 2686 belhs

384 2738 598 2826 Subsidium,
616 2739 644 2807 sl
662 2737 779 2806 dextra
798 2753 904 2833 neget.
929 2736 1027 2804 Prior
1042 2738 1200 2807 omnihus
1218 2737 1313 2827 Idas,

385 2862 503 2952 Nuper
519 2855 723 2952 Olympiacis
741 2857 915 2927 umbratus
934 2872 1088 2952 tempora
1105 2859 1225 2948 ramis,

383 2977 546 3050 Prosilit:
564 2979 736 3071 excipiunt
752 2976 871 3072 plausu
889 2981 994 3048 Pisaea
1008 2980 1167 3074 juventus

384 3098 539 3193 Eleaeque
556 3122 675 3166 manus
690 3123 697 3166 :
714 3089 866 3191 sequitur
883 3099 1059 3191 Sicyonius
1077 3097 1203 3184 Alcon3

384 3223 429 3290 Et
442 3219 494 3286 his
515 3219 550 3287 in
568 3217 747 3290 Isthmiaca
766 3218 875 3288 victor
891 3215 1052 3288 clamatus
1072 3242 1174 3288 arena

384 3343 591 3434 Phaedimus3
611 3345 849 3442 alipedumque
868 3347 982 3441 lugam
1003 3365 1203 3438 progressus
1220 3363 1389 3438 equorum

387 3471 473 3534 Ante
490 3468 633 3560 Dymas,
656 3465 713 3536 sed
731 3481 812 3536 tunc
829 3490 900 3535 aevo
919 3465 1072 3534 tardante
1089 3481 1233 3534 secutus.

387 3583 486 3653 Multi
504 3599 555 3670 et,
573 3611 657 3678 quos
677 3587 762 3655 varii
779 3599 866 3654 tacet
884 3586 1078 3680 ignorantia
1095 3583 1206 3680 vulgi,

388 3706 477 3773 llinc
495 3719 595 3797 atquo
613 3706 692 3775 hinc
710 3707 853 3774 subiere.
873 3703 938 3773 Sed
958 3702 1088 3774 Arcada
1107 3704 1390 3796 Parthenopaeum

387 3823 584 3920 Appellant‚
604 3825 764 3920 densique
782 3829 873 3895 cient
890 3850 973 3920 vaga
992 3849 1165 3894 murmura
1183 3824 1274 3892 circi.

388 3947 478 4016 Nota
492 3971 611 4038 parens
632 3973 732 4017 cursu
753 3975 761 4017 ε
781 3950 856 4040 quis
874 3944 1038 4017 Maenaliae
1058 3943 1230 4013 Atalantes

293 4059 299 4071 ’
388 4064 523 4134 Nesciat
540 4069 709 4162 egregium
727 4070 847 4156 decus,
865 4083 898 4137 et
916 4067 1053 4160 vestigia
1072 4065 1203 4134 cunctis
