3172 5142
120 448 158 502 tv.
171 444 241 508 Μ.)
444 437 661 496 autumnos
684 436 795 493 LIBER
816 435 865 492 IX.
1118 429 1171 488 153

120 570 261 640 Transit
277 585 378 639 avum
394 593 401 636 :
416 565 503 636 levat
520 565 612 634 unda
630 563 769 660 gradus,
788 587 845 631 seu
862 559 991 630 delluus
1010 557 1084 643 ille,

124 692 205 759 Sive
222 688 378 783 obliquus
395 702 468 774 eat3
488 711 549 754 nec
569 709 675 778 quum
696 683 786 752 subit
803 681 940 769 obvius,
958 679 1043 748 ullas

124 813 255 905 Stagna
273 807 394 879 dedere
411 831 541 893 moras,
561 806 754 899 pariterque
772 803 952 871 revertitur
969 801 1087 868 amnis.

123 930 207 997 Non
220 927 423 998 Anthedonii
443 927 527 1020 tegit
542 925 684 1020 hospitis
699 923 844 1020 inguina
858 935 982 1015 pontus

124 1047 305 1134 Blandior,
324 1047 437 1115 aestivo
453 1069 513 1113 nec
532 1069 567 1113 se
585 1045 690 1138 magis
709 1065 844 1136 equore
861 1043 982 1110 Trito'n

124 1167 262 1254 Exerit,
281 1180 341 1235 aut
358 1189 443 1235 carae
464 1163 603 1233 festinus
624 1163 667 1232 ad
686 1161 801 1232 oscula
817 1163 932 1230 matris

126 1289 245 1377 Quum
263 1299 405 1372 remeat,
427 1281 627 1377 tardumque
646 1284 724 1354 ferit
745 1281 901 1377 delphina
921 1281 1100 1351 Palaemon.

177 1410 281 1476 Arma
298 1404 415 1474 decent
430 1405 602 1492 humeros,
617 1403 817 1500 clypeusque
833 1404 992 1498 insignis,
1007 1415 1042 1472 et
1060 1426 1143 1472 auro

128 1525 294 1613 Lucidus,
311 1526 427 1596 Aoniae
444 1521 581 1593 celatur
596 1523 726 1618 origine
745 1526 863 1619 gentis.
1103 1531 1106 1536 '

131 1645 268 1717 Sidonis
285 1647 341 1715 hic
353 1643 468 1714 blandi
487 1669 547 1739 per
564 1642 708 1714 candida
724 1658 819 1739 terga
834 1643 970 1739 juvenci

129 1771 205 1836 Janr
225 1789 342 1834 secura
357 1765 477 1850 maris,
496 1764 619 1833 teneris
634 1765 705 1856 jam
721 1789 848 1833 cornua
869 1763 989 1859 palmis

130 1887 211 1956 Non
231 1898 345 1954 tenet:
361 1885 517 1953 extremis
537 1881 694 1952 alludunt
709 1908 843 1977 aequora
859 1883 994 1978 plantis⁸

131 2011 186 2075 Ire
205 2020 302 2099 putes
322 2001 458 2098 clypeo,
472 2001 659 2095 ductusque
684 2027 795 2072 secare
810 2004 1003 2096 juvencum:

133 2127 283 2220 Adjuvat
300 2125 392 2195 unda
408 2123 528 2214 fidem,
549 2122 669 2220 pelago
686 2150 747 2195 nec
764 2123 908 2193 discolor
921 2126 1042 2194 amnis.

182 2246 278 2316 Tunc
295 2246 403 2315 audax
420 2247 549 2339 pariter
564 2243 655 2332 telis,
673 2260 707 2314 et
723 2269 805 2314 voce
822 2261 979 2340 proterva

134 2366 411 2462 Hippomedonta
430 2367 512 2460 petit
530 2391 537 2434 :
559 2394 576 2429 α
588 2367 667 2434 Non
685 2365 755 2434 haec
771 2365 925 2434 foecunda
940 2387 1068 2434 veneno

140 2493 270 2575 lerna,
287 2511 348 2556 nec
365 2485 536 2555 Herculeis
554 2485 908 2581 haustaeserpentihus
926 2485 1034 2554 unde.

136 2612 277 2677 Sacrum
289 2631 438 2693 amnem,
449 2630 580 2675 sacrum
593 2605 659 2701 (et,
670 2607 781 2694 miser,
792 2605 993 2701 experiere),
1003 2591 1182 2699 Deumque

135 2724 279 2796 Altrices
296 2727 455 2820 irrumpis
470 2749 573 2820 aquas
596 2752 605 2793 :
624 2755 643 2790 ι
661 2724 744 2794 nihil
765 2725 837 2816 ille,
857 2726 914 2796 sed
930 2728 1000 2796 ibat

136 2849 301 2917 Cominus
320 2873 328 2915 τ
345 2848 504 2941 opposuit
521 2845 657 2916 cumulo
675 2871 711 2915 se
731 2845 865 2917 densior
882 2849 1009 2937 amnis,

135 2964 363 3059 Tardavitque
383 2991 521 3035 manum
542 2990 550 3034 ε
570 2963 690 3035 vulnus
710 2980 821 3034 tamen
839 2964 895 3036 illa
915 2981 1079 3035 retentum

135 3083 300 3174 Pertulit,
318 3099 418 3179 atque
439 3087 556 3154 animae
574 3099 646 3154 tota
661 3085 696 3155 in
715 3084 898 3179 penetralia
915 3086 1009 3168 sedit.

138 3207 280 3273 Horruit
298 3205 397 3288 unda
408 3204 500 3273 nefas
516 3229 523 3271 :
545 3199 635 3274 silrae
654 3203 790 3274 [levistis
807 3220 975 3299 utraeque:

140 3328 185 3392 Et
201 3325 355 3419 graviora
375 3349 463 3393 cavae
481 3339 666 3395 sonuerunt
683 3349 856 3394 munnura
873 3327 964 3419 ripae.

142 3443 289 3513 Ultimus
307 3442 364 3513 ille
383 3469 486 3513 sonus
505 3443 707 3514 moribundo
723 3446 856 3514 emersit
877 3445 919 3513 ab
939 3471 1014 3532 ore,

139 3594 155 3625 ι.
169 3560 327 3632 Materia
347 3564 381 3632 in
400 3563 487 3632 lianc
503 3565 616 3633 miseri
636 3563 828 3633 ceciderunt
846 3563 984 3634 llumina
999 3589 1124 3634 vocem.

190 3688 235 3752 At
255 3684 417 3779 genitrix,
436 3698 524 3752 coetu
544 3681 737 3780 glaucarum
755 3685 864 3753 cincta
883 3709 1056 3770 sororum,

95 3856 100 3873 ,
140 3804 303 3873 Protinus
321 3803 387 3872 icta
404 3803 512 3892 malo,
532 3805 637 3873 vitrea
655 3803 696 3873 de
715 3802 802 3873 valle
818 3801 935 3874 solutis

141 3921 274 3992 Exsiliit
293 3922 476 3993 furibunda
495 3925 614 4014 comis,
635 3949 673 3994 ac
694 3925 833 3995 verbere
852 3927 969 3996 crebro

142 4044 298 4136 Oraque,
315 4057 538 4140 pectoraque,
557 4060 591 4114 et
608 4045 749 4116 viridem
765 4045 863 4116 scidit
878 4045 1016 4116 horrida
1031 4061 1164 4115 vestem.
