3172 5142
414 488 469 526 rra
733 465 949 525 THEBAIDOS
968 463 1083 523 LIBER
1097 465 1162 520 Vll.
1354 461 1387 522 l'·
1403 463 1475 520 315l

410 597 653 686 lntonsumque
668 595 786 686 Gyan,
806 600 1006 685 sacrumque
1025 592 1173 684 Lycorea
1189 583 1317 656 Phoebo

410 714 566 784 Invitus:
582 713 653 806 jam
671 709 860 782 fraxineum
879 709 1054 780 dimiserat
1072 709 1177 778 hastae

409 832 539 920 Robur,
559 847 593 902 et
612 833 757 902 excussis
775 833 934 927 apparuit
951 827 1059 899 infula
1075 829 1205 897 cristis:

409 951 610 1023 Alcathoum
629 977 730 1039 saxo,
751 953 807 1020 cui
827 953 955 1021 circum
972 965 1091 1045 stagna
1109 949 1240 1044 Carysti

408 1076 453 1143 Et
470 1073 610 1160 domus,
629 1087 663 1143 et
681 1074 826 1167 conjux,
848 1086 882 1141 et
900 1085 1050 1140 mnantes
1067 1067 1265 1140 litoranati.

409 1197 548 1266 Vixerat
566 1192 623 1266 ille
643 1194 701 1263 diu
720 1217 853 1289 pauper
870 1207 1040 1264 scrutator
1058 1214 1243 1286 aquarum:

407 1318 550 1411 Derepit
569 1313 668 1385 tellus
690 1340 697 1383 :
719 1315 866 1384 moriens
883 1313 1075 1407 hiemesque
1094 1312 1270 1405 Notosque

407 1434 559 1523 Laudat,
580 1451 616 1504 et
631 1436 756 1530 experti
777 1431 917 1504 meliora
933 1432 1083 1529 pericula
1102 1433 1209 1528 ponti.

455 1556 610 1652 Adspicit
628 1556 689 1625 has
708 1553 809 1650 longe
825 1553 1025 1649 jamdudum
1045 1555 1190 1649 Asopius
1209 1556 1365 1648 Hypseus
1428 1543 1433 1549 ⁵

405 1677 584 1748 Palanturn
608 1690 749 1772 strages,
769 1675 931 1770 ardetque
949 1689 1101 1744 avertere
1118 1699 1290 1778 pugnam:

405 1801 609 1893 Quanquam
630 1796 722 1868 haud
741 1800 814 1893 ipse
831 1799 942 1867 minus
961 1822 1064 1867 curru
1085 1797 1262 1892 Tirynthia
1278 1795 1397 1866 firndit

406 1920 563 2008 Robora,
584 1918 642 1990 sed
660 1921 732 1988 viso
754 1943 899 2013 praesens
918 1918 1032 1987 minor
1050 1942 1178 2013 augure
1193 1919 1341 2012 sanguis.

405 2040 506 2112 lllum
527 2043 646 2126 armis,
665 2042 853 2135 animisque
873 2040 967 2135 cupit
985 2065 993 2108 a
1013 2037 1217 2133 prohibebat
1235 2039 1353 2132 iniquo

405 2163 548 2258 Agmine
565 2175 757 2231 consertum
776 2161 874 2230 cunei
892 2159 979 2230 latus
999 2185 1008 2228 ε
1028 2159 1107 2229 inde
1128 2159 1291 2254 superbus

404 2285 560 2352 Exseruit
581 2283 697 2377 patriis
718 2282 863 2352 electum
880 2280 1005 2352 missile
1025 2281 1118 2377 ripis.
1226 2369 1229 2376 ,

405 2407 456 2473 Ac
474 2403 567 2498 prius
587 2429 594 2471 :
615 2402 813 2473 «Aonidum
835 2402 927 2472 dives
945 2401 1089 2499 largitor
1105 2426 1288 2498 aquarum,

405 2522 506 2594 Clare
523 2525 701 2619 Giganteis
720 2525 925 2610 etiamnum,
947 2526 1076 2618 Asope,
1096 2522 1237 2611 favillis,

403 2639 457 2714 Da
475 2669 601 2743 numen
618 2642 741 2713 dextrae
758 2671 766 2712 :
783 2660 881 2741 rogat
899 2645 965 2714 hoc
982 2659 1167 2740 natusque,
1188 2646 1305 2738 tuique

404 2767 559 2854 Quercus
578 2764 714 2835 alumna
736 2764 813 2834 vadi
832 2765 907 2835 :fas
925 2780 959 2835 et
976 2789 1031 2834 me
1051 2789 1210 2860 spernere
1227 2764 1416 2856 Phoebum,

405 2888 440 2956 si
461 2885 521 2954 tibi
540 2884 680 2955 collatus
699 2888 826 2956 Divum
847 2901 939 2956 sator
956 2887 1094 2956 :omnia
1112 2910 1261 2982 mergam

404 3007 569 3076 Fontibus
586 3031 681 3077 arma
699 3009 783 3095 tuis,
806 3009 981 3102 tristesque
1001 3010 1072 3077 sine
1089 3031 1217 3103 augure
1238 3008 1380 3078 vittas.»

453 3126 615 3197 Audierat
635 3131 765 3223 genitor
783 3155 791 3197 ε
810 3142 901 3198 vetat
918 3126 1093 3224 indulgere
1111 3126 1278 3197 volentem

404 3249 566 3336 Phoebus,
586 3263 619 3317 et
637 3251 788 3344 aurigam
804 3247 957 3343 jaculum
976 3247 1153 3342 detorquet
1168 3249 1203 3318 in
1221 3250 1364 3316 Hersen.

403 3367 464 3438 llle
481 3371 559 3438 ruit.
579 3371 670 3438 Deus
690 3370 761 3462 ipse
780 3371 874 3464 vagis
893 3368 1042 3439 succedit
1059 3367 1219 3454 habenis,

404 3493 582 3558 Lernaeum
601 3487 684 3557 falso
702 3488 864 3558 simulans
883 3488 1083 3583 Aliagmona
1098 3487 1205 3559 vultu.

390 3629 394 3709 ᾗ
452 3611 549 3678 Tunc
568 3633 647 3676 vero
665 3608 796 3678 ardenti
812 3614 883 3678 'non
902 3609 971 3678 ulla
990 3609 1152 3678 obsistere
1170 3623 1302 3678 tentant

405 3731 526 3824 Signa;
546 3745 650 3798 ruunt
666 3728 738 3798 solo
758 3745 901 3816 terrore,
919 3745 953 3800 et
973 3728 1214 3800 vulneracitra

404 3851 498 3917 Mors
515 3848 654 3944 trepidis
673 3852 794 3944 ignava
811 3852 928 3918 vcnit:
949 3851 1155 3944 dubiumque
1168 3852 1282 3920 tuenti

405 3970 566 4037 Presserit
584 3967 722 4038 infestos
741 3995 844 4056 onus,
864 3968 1079 4066 impuleritne
1096 3969 1237 4064 jugales.

453 4089 508 4157 Sic
528 4089 586 4159 ubi
605 4089 795 4160 nubiferum
813 4091 936 4160 montis
956 4090 1061 4179 latus,
1084 4106 1142 4160 aut
1160 4115 1248 4160 nova
1267 4095 1380 4160 ventis
