3172 5142
145 462 187 522 (v.
200 461 272 522 565.)
472 456 686 522 tumeamus
707 457 818 516 LIBER
837 455 889 510 Vl.

146 585 358 680 indeprensa
378 581 515 678 procis?
532 599 652 676 onerat
668 581 1016 653 celeberrima‘natum
1086 600 1088 604 ’
1145 623 1148 634 ·

148 709 284 775 Mater:
300 719 335 774 et
353 705 424 798 ipse
439 702 559 798 procul
577 703 666 773 lama
682 705 752 797 jam
771 719 870 772 notus
886 704 1027 771 inermes

149 827 321 896 Narratur
340 849 454 895 cervas
468 823 570 920 pedes
587 825 675 894 inter
693 840 809 919 aperta
825 825 936 918 ,Lycaei

149 944 304 1034 Tollere,
325 961 359 1015 et
377 947 533 1015 emissum
551 971 651 1015 cursu
671 944 879 1040 deprendere
896 944 1009 1014 telum.

149 1065 304 1135 Tandem
323 1081 533 1161 exspectatus
550 1065 799 1161 volucrisuper
818 1068 953 1163 agmina
968 1062 1054 1135 saltu

150 1187 302 1273 Emicat,
321 1202 356 1256 et
371 1179 466 1257 torto*
481 1186 689 1282 chlamydem
706 1185 874 1258 diffibulat
888 1211 982 1257 auro.

151 1305 320 1377 Elfulsere
337 1321 448 1396 artus,
466 1307 762 1400 membrorumque
780 1309 889 1376 omnis
910 1321 1025 1401 aperta
1043 1318 1093 1374 est

151 1429 304 1517 laetitia,
323 1430 536 1524 insignesque
552 1427 702 1514 humeri,
723 1453 784 1498 nec
799 1444 935 1524 pectora
951 1426 1050 1496 nudis

152 1549 331 1618 Deteriora
353 1552 464 1645 genis,
481 1550 645 1644 latuitque
673 1550 707 1617 in
731 1575 874 1646 corpore
891 1547 1012 1618 vultus.

153 1675 231 1764 lpse
251 1685 362 1739 tamen
380 1669 497 1738 forma
515 1668 649 1739 laudem
669 1685 884 1765 aspernatur,
903 1682 937 1738 et
954 1682 1046 1736 arcet

154 1791 341 1871 Mirantes:
358 1803 438 1858 tuno
454 1788 621 1858 Palladios
642 1815 710 1858 non
728 1791 853 1860 inscius
871 1790 1010 1862 haustus

155 1910 334 1998 Incubuit,
352 1911 537 2004 pinguique
557 1925 667 1979 cutem
686 1909 837 1980 firscatur
851 1909 951 1978 olivo.

156 2035 231 2100 Hoc
250 2030 346 2118 Idas,
366 2030 431 2100 hoc
449 2055 543 2100 more
561 2033 705 2125 Dymas,
724 2031 848 2125 aliique
864 2033 1043 2102 nitescunt.

207 2155 262 2222 Sic
281 2153 339 2221 ubi
359 2151 542 2245 tranquillo
561 2151 728 2248 pellucent
746 2153 856 2222 sidera
874 2145 1017 2248 pontu,

159 2274 389 2366 Vibraturque
406 2273 499 2343 fretis
517 2273 592 2343 coeli
612 2269 773 2344 stellantis
792 2275 919 2370 imago,

160 2395 284 2466 Omnia
301 2393 391 2464 clara
409 2396 517 2464 nitent
535 2420 542 2464 ε
559 2393 616 2465 scd
635 2393 757 2472 clarior
775 2397 889 2465 omnia
908 2419 1011 2491 supra

162 2521 328 2612 Hesperus
347 2523 480 2586 exercet
498 2517 629 2602 radios,
646 2533 860 2611 quantusque
878 2541 939 2612 per
958 2516 1063 2585 altum
1114 2561 1115 2564 =

135 2629 139 2636 ⁵
162 2638 320 2722 AEthera,
340 2636 488 2706 caeruleis
507 2653 620 2707 tantus
636 2653 843 2708 monstratur
863 2641 898 2706 in
919 2636 1029 2706 undis.

162 2760 339 2828 Proximus
357 2773 391 2827 et
407 2757 531 2847 forma,
552 2783 613 2828 nec
630 2758 773 2830 multum
796 2761 930 2854 segnior
947 2757 1025 2827 Idas

162 2879 340 2966 Cursibus,
359 2892 461 2971 atquc
477 2903 548 2948 aevo
562 2880 659 2973 juxta
677 2882 793 2973 prior:
811 2895 958 2948 attamen
976 2878 1024 2947 illi

162 3005 235 3069 lam
254 3015 390 3069 tenuem
408 3002 550 3094 pingues
569 3000 686 3069 florem
705 3001 865 3072 induxere
881 2999 1062 3095 palaestrae,

163 3122 384 3214 Deserpitque
404 3123 514 3216 genis,
534 3147 595 3191 nec
613 3147 647 3192 se
665 3122 789 3218 lanugo
808 3121 930 3191 fatetur
1029 3099 1031 3105 Ι

167 3245 308 3313 lntonsae
322 3240 385 3310 sub
401 3241 491 3310 nube
508 3266 622 3311 comte.
636 3243 732 3311 Tunc
753 3245 815 3341 rite
832 3244 951 3312 citatos

166 3359 366 3456 Explorant‚
387 3377 578 3457 acuuntque
599 3362 739 3458 gradus,
762 3364 937 3455 variasque
958 3373 1122 3454 perantes

165 3478 380 3549 Instimulant
398 3480 497 3550 docto
517 3480 711 3577 languentia
729 3483 880 3552 membra
898 3478 1056 3550 tumultu.

167 3598 296 3693 Poplite
317 3625 407 3669 nunc
426 3599 511 3670 flexo
530 3602 662 3689 sidunt,
683 3627 775 3671 nunc
795 3600 923 3672 lubrica
943 3583 1022 3670 forti

167 3722 305 3789 Pectora
323 3718 487 3792 collidunt
503 3721 622 3815 plausu
642 3749 650 3792 ε
669 3749 759 3792 nuuc
778 3725 875 3818 ignea
892 3719 1017 3792 tollunt

168 3841 295 3928 Crura,
314 3840 515 3936 brevemque
535 3842 649 3940 lugam
669 3869 730 3912 nec
749 3845 852 3938 opino
870 3843 937 3912 fine
952 3854 1130 3936 reponunt.

215 3963 289 4030 Jam
307 3963 393 4048 ruit,
412 3977 513 4056 atque
529 3987 664 4058 aequum
685 3964 837 4034 submisit
858 3962 974 4058 regula
992 3961 1115 4046 limen;

168 4081 369 4177 Corupuere
389 4081 476 4152 leves
496 4087 658 4179 spatium,
676 4111 861 4180 campoque
879 4083 1008 4154 refrilsit
