3146 5140
408 484 465 540 214
727 471 941 528 THEBAIDOS
961 469 1072 527 Lusus
1093 469 1144 526 xl.
1169 477 1174 489 “
1348 468 1457 534 (east.)

407 597 512 670 Nulla
529 601 617 692 patri
635 599 765 692 requies
783 623 791 665 :
810 595 906 667 illum
923 595 1128 690 quaeritque,
1145 607 1314 688 tenetque.

405 717 507 790 Illum
528 720 727 814 sanguineos
748 717 949 812 proflantem
969 731 1104 808 pectore
1121 717 1213 787 rivos

326 883 331 898 ·
405 841 556 936 Adspicit
577 855 610 909 et
626 865 717 909 saeva·
727 862 858 932 semper
877 835 918 906 de
938 851 1033 906 turre
1052 833 1237 906 cadentem.
1311 826 1313 836 ’

406 959 633 1044 Πῐάυδίυῐη,
652 974 686 1028 et
703 982 833 1053 pugnas
850 971 1069 1033 cunctantem
1086 955 1244 1028 Eteoclea
1262 957 1375 1029 vidit:

455 1081 571 1168 albis,
591 1081 651 1166 ait,
672 1103 782 1172 neque
803 1091 837 1146 te
856 1076 1018 1164 ulterius,
1038 1077 1251 1172 fratrumque
1268 1078 1454 1173 ducumque

403 1203 568 1287 Pessime,
584 1199 759 1269 funeribus
775 1198 911 1292 patriae,
930 1196 1154 1292 lacrymisque
1170 1199 1332 1292 potitum,

405 1321 630 1393 Eumenidum
650 1317 928 1412 belliquereum,
947 1319 1116 1413 patiemur
1136 1315 1244 1389 inulti.

405 1447 464 1516 Sat
480 1458 539 1514 tua
555 1467 626 1512 non
642 1441 746 1536 arquis
766 1439 891 1512 luimus
914 1439 1064 1535 perjuria
1081 1442 1188 1512 Divis.

402 1565 534 1636 Urbem
544 1563 646 1634 armis
660 1559 850 1657 opibusque
859 1585 1014 1656 gravem
1024 1576 1057 1638 et
1067 1561 1169 1632 modo
1177 1563 1309 1634 civibus
1318 1576 1450 1648 arcun,

406 1689 477 1757 Ceu
494 1682 578 1754 coelo
595 1681 731 1754 dimissa
746 1680 835 1768 lues,
855 1682 1035 1756 inimicave
1052 1679 1167 1771 tellus,

404 1804 574 1889 Hausisti,
589 1827 795 1896 vacuamque
811 1815 924 1873 tamen
941 1800 1094 1874 sublimis
1111 1803 1316 1876 obumbras?

405 1929 507 1997 Deest
526 1925 662 1994 servitio
679 1922 817 2021 plebes:
838 1922 901 1994 bos
921 1922 1008 2018 ignis
1028 1938 1164 2018 egentes

404 2052 484 2118 Fert
495 2047 634 2135 humus,
651 2045 713 2114 hos
730 2042 851 2139 pelago
867 2045 997 2138 patrius
1010 2043 1080 2139 jam
1096 2044 1218 2118 detulit
1234 2047 1352 2118 amnis.

404 2169 448 2238 Hi
466 2181 622 2262 quarunt
636 2180 744 2253 artus,
763 2163 812 2236 illi
829 2164 937 2237 ar'dua
955 2163 1094 2236 vulnera
1112 2179 1243 2236 curant.

404 2285 520 2358 Redde
534 2285 679 2383 agedum
695 2287 824 2358 miseris
839 2285 975 2374 fratres,
996 2301 1179 2380 natosque,
1200 2301 1392 2380 patresque,

404 2407 522 2478 Redde
531 2409 621 2480 arvis
631 2407 853 2501 domibusque
866 2407 974 2476 viros:
991 2406 1050 2476 ubi
1060 2407 1225 2476 maximus
1239 2411 1405 2502 Hypseus,

403 2531 649 2623 Finitimusque
662 2530 771 2622 Dryas
785 2527 800 2596 l
818 2527 876 2598 ubi
890 2527 1057 2598 Phocidos
1074 2553 1168 2598 arma
1182 2551 1330 2616 sonorae,

403 2649 611 2743 Euboicique
629 2646 757 2720 duces?
777 2646 851 2718 illos
871 2662 983 2720 tamen
1001 2673 1095 2743 aequa
1116 2646 1220 2722 duelli

404 2773 486 2839 Fors
504 2767 582 2839 tulit
600 2769 643 2839 ad
659 2771 800 2842 Manes:
820 2783 857 2838 at
877 2783 932 2858 tu,
954 2767 1073 2864 pudet,
1094 2770 1203 2840 hostia
1219 2771 1331 2864 regni,

306 2959 308 2964 ,
405 2889 1302 2986 Hostia,nate,jaces‚ceumutusetegregesanguis.

403 3011 467 3080 Hei
483 3010 565 3084 mihi
578 3012 734 3105 primitiis
751 3035 943 3100 armorum,
959 3024 993 3080 et
1010 3011 1074 3082 rite
1092 3011 1223 3083 nefasto

404 3130 560 3218 Libatus,
575 3131 756 3225 jussusque
774 3133 875 3216 mori,
892 3145 927 3200 et
943 3131 1157 3202 cunctabitur
1175 3130 1265 3204 ultra

405 3251 494 3320 Iste?
514 3275 575 3320 nec
593 3249 733 3320 adverso
753 3276 845 3321 nunc
860 3251 979 3330 saltem
997 3233 1110 3323 Marte
1129 3267 1267 3324 vocatus

406 3370 536 3442 Stabit?
555 3396 597 3440 an
618 3373 653 3442 in
672 3397 803 3467 pugnas
823 3369 926 3442 alium
943 3374 1040 3466 jubet
1061 3375 1109 3444 ire
1126 3374 1289 3469 profanus

405 3491 570 3561 Tiresias?
591 3494 780 3586 iterumque
801 3518 891 3564 meos
912 3491 1049 3567 oracula
1068 3497 1172 3567 nectit

404 3615 443 3680 ln
455 3611 706 3708 gemitusiquid
715 3615 805 3687 enim
814 3615 938 3686 misero
948 3639 1050 3710 super
1058 3616 1178 3692 unicus
1186 3614 1352 3690 Heroon?

403 3730 464 3801 Ille
479 3732 563 3826 jube
581 3733 714 3824 subeat,
734 3749 838 3830 tuque
855 3735 935 3806 binc
953 3751 1122 3835 spectator
1140 3738 1183 3806 ab
1200 3736 1268 3808 alta

403 3854 512 3922 Turre
524 3852 623 3924 sede:
640 3854 722 3949 quid
734 3879 819 3928 saeva
829 3855 962 3944 fremis,
981 3857 1208 3954 famulamque
1220 3859 1387 3932 cohortem

404 3973 604 4068 Respectas?
624 3975 658 4044 hi
681 3989 714 4046 te
732 3977 781 4046 ire
798 3975 932 4066 volunt,
950 3977 984 4046 hi
1005 3979 1151 4074 pendere
1169 4005 1305 4074 poenes:

404 4097 481 4188 ipsa
500 4097 600 4165 etiam
620 4097 780 4191 genitrix,
803 4099 948 4194 ipsaeque
969 4098 1071 4174 odere
1089 4125 1231 4172 sorores.
