3080 5136
65 474 105 537 (v.
122 474 194 536 ata.)
384 457 638 524 sdfllhtlttnos
658 455 774 523 th'tlltt
794 466 818 522 1.
1073 457 1130 538 idq

68 600 190 670 Litora
210 613 225 667 :¹
239 609 405 666 monstrat
424 597 502 682 iter,
521 604 662 688 totoque
680 592 854 664 effulserat
871 595 975 664 orhe-

69 721 242 816 Cynthia.·
256 719 479 812 Prosequitur
496 717 627 806 divam,
646 715 838 810 celeresque
859 737 1017 786 recursus
1111 755 1113 758 ·

71 847 222 914 Securus
240 839 351 936 pelagi
369 841 498 910 Chiron
516 851 630 934 rogat,
649 837 783 933 udaque
803 837 889 908 celat
988 875 992 882 ·

67 964 238 1051 Lumina,
255 975 289 1032 et
307 963 465 1057 abreptos
475 962 594 1040 subito
609 961 815 1057 jamjamque
837 959 977 1030 latentes

67 1090 195 1156 Erecto
212 1097 407 1180 prospectat
421 1107 537 1178 equo,
548 1105 617 1177 qua
635 1106 720 1152 cana
739 1107 925 1178 parumper

70 1211 242 1302 Spumant
260 1207 356 1302 signa
376 1205 481 1300 fugae,
498 1217 533 1275 et
554 1203 684 1301 liquido
703 1207 792 1301 perit
809 1205 921 1274 orbita
938 1219 1056 1300 ponto.

69 1325 175 1399 Illum
195 1348 265 1397 non
283 1325 367 1396 alias
385 1327 574 1397 rediturum
592 1325 635 1396 ad
651 1326 813 1398 Thessala
830 1330 960 1422 Tempe

69 1455 148 1522 Jam
169 1449 274 1518 tristis
293 1449 440 1538 Pholoe,
459 1449 530 1544 jam
550 1448 687 1520 nubilus
703 1449 845 1544 ingemit
862 1449 1005 1544 Othrys,

70 1574 119 1640 Et
135 1569 246 1640 tenuis
264 1569 445 1664 Sperchios
463 1571 579 1664 aquia,
596 1568 823 1665 speluncaque
839 1568 931 1640 docti
988 1571 991 1583 '

71 1694 176 1762 Muta
195 1691 285 1761 senis
303 1715 312 1759 :
330 1705 489 1785 quaerunt
501 1689 653 1786 'puerilia
668 1691 818 1760 carmina
838 1691 963 1780 Fauni,

71 1817 120 1883 Et
137 1827 269 1907 sperata
285 1812 344 1882 diu
363 1811 499 1908 plorant
515 1811 685 1882 connubia
704 1811 880 1907 Nymphae.
927 1821 929 1849 ³

125 1939 200 2004 Jam
221 1935 346 2028 premit
360 1947 450 2002 astra
467 1933 556 2019 dies,
572 1931 776 2028 humilisque
792 1957 833 2001 ex
848 1955 982 2026 aequore
999 1933 1099 2003 Titan

73 2059 245 2124 Rorantes
264 2053 390 2124 evolvit
406 2078 529 2148 equos,
548 2065 583 2122 et
597 2053 643 2126 ab
656 2053 780 2123 aethere
797 2077 921 2148 magno
1015 2085 1021 2094 ·

75 2174 264 2246 Sublatuln'
277 2193 379 2245 curru
399 2175 540 2270 pelagus
559 2174 651 2248 cadit
669 2201 678 2243 τ
698 2188 734 2244 at
752 2174 839 2244 vada
857 2178 967 2244 mater

77 2297 197 2390 Scyria
212 2295 413 2390 jamdudum
435 2297 560 2367 fluctus
579 2319 713 2365 emensa
733 2295 882 2381 tenebat,

74 2419 306 2511 Exierantque
319 2418 405 2512 jugo
420 2416 499 2486 fessi
517 2416 704 2512 Delphines
720 2413 836 2504 herili,
902 2443 908 2454 ·

77 2541 197 2628 Quum
220 2541 317 2634 pueri
338 2539 533 2610 tremefacta
551 2540 671 2632 quies,
691 2537 850 2636 oculique
865 2537 1008 2633 jacentis

75 2660 233 2730 Infusum
253 2685 387 2730 sensere
405 2661 494 2729 diem
513 2687 522 2730 τ
542 2673 657 2755 stupet
674 2685 751 2730 aere
768 2663 896 2756 primo,

78 2783 167 2870 Quae
186 2780 281 2850 loca?
300 2782 359 2876 qui
378 2779 527 2851 fluctus?
545 2780 764 2892 uhitPelion?
786 2784 900 2852 omnia
918 2763 1014 2852 versa

80 2905 193 2994 Atque
209 2902 324 2998 ignota
338 2900 449 2990 videt,
465 2902 667 2997 dubitatque
683 2925 867 2998 agnoscere
883 2917 1037 2972 matrem.

78 3023 236 3115 Occupat
256 3020 449 3108 illamam,
469 3020 661 3117 blandeque
679 3021 780 3092 auara
798 3037 980 3118 paventem
998 3049 1007 3092 τ

79 3171 99 3206 α
118 3143 152 3209 Si
171 3142 271 3222 mihi.
293 3165 370 3212 care
387 3164 484 3238 puer,
502 3141 669 3214 thalamos
689 3168 760 3213 sors
779 3167 874 3238 aequa
893 3141 1053 3231 dedisset,

78 3263 176 3350 Quos
194 3261 312 3348 dabat,
329 3263 484 3334 aetlaereis
500 3287 563 3358 ego
582 3279 616 3333 te
630 3261 806 3358 complexa
824 3276 975 3333 tenerem

79 3382 180 3453 Sidus
196 3381 323 3478 grande
337 3382 465 3480 plagis,
486 3387 668 3482 magnique
687 3385 854 3480 puerpera
873 3383 966 3472 coeli,

79 3501 137 3574 Nil
155 3503 298 3574 humiles
320 3509 458 3593 Parcas,
478 3520 679 3600 terrenaque
698 3505 767 3576 lata
786 3529 928 3575 vererer.

79 3626 181 3695 Nunc
202 3627 320 3720 impar·
329 3627 407 3716 tihi,
424 3643 524 3716 nate,
543 3651 663 3723 genus,
686 3623 917 3722 praeclusaque
938 3626 993 3696 leti
1025 3655 1027 3662 ·

79 3749 228 3816 Tantum
248 3759 358 3816 matre
375 3750 426 3818 via
444 3765 494 3818 est
512 3775 520 3818 t
536 3751 618 3843 quin
634 3761 668 3818 et
684 3747 867 3818 metuenda
883 3750 1116 3844 propinquant

79 3869 265 3961 Tempora,
285 3883 319 3937 et
338 3871 497 3940 extremis
514 3870 649 3939 admota
671 3869 821 3965 pericula
840 3871 948 3939 metis.

80 3986 265 4075 Cedamus,
284 3989 494 4085 parthumque
511 3994 640 4062 animos
656 3991 821 4078 submitte
838 3989 970 4076 viriles,

79 4113 189 4201 Atque
211 4110 345 4180 habitus
367 4111 507 4207 dignere
530 4135 622 4182 meos
641 4139 650 4181 τ
669 4113 695 4181 si
716 4109 822 4206 Lydia
841 4111 927 4179 dura
