3080 5136
76 463 200 525 u-⁶⁵1·›
397 459 651 517 scumssrnos
675 455 833 515 tremi.
1084 427 1138 512 as}

79 585 224 655 Peliacis
242 578 354 679 silvis,
374 583 576 678 nivibusque
596 583 736 660 immisit
754 581 913 652 alendum

76 703 280 776 Thessalicis
300 730 308 772 ι
331 729 441 798 neque
462 729 525 799 ego
541 704 603 774 hos
619 704 746 792 cultus,
762 717 821 772 aut
838 702 926 772 foeda
943 702 1106 773 subissem

76 829 259 922 Tegmina,
275 825 312 893 ni
332 826 497 919 primote
517 825 588 894 visa
608 825 644 893 in
665 822 763 893 litore
783 825 894 894 :cessi

77 950 129 1017 Te
146 961 286 1042 propter
305 973 313 1014 ε
336 945 398 1016 tibi
418 971 523 1040 pensa
542 970 661 1034 manu,
679 946 741 1016 tibi
762 943 877 1016 mollia
894 958 988 1039 gesto
1100 982 1102 988 .

78 1071 282 1164 Tympana:
300 1066 383 1162 quid
404 1065 504 1136 defles
521 1092 645 1163 magno
664 1091 770 1138 nurus
790 1065 905 1136 addita
921 1065 1054 1161 ponto?

78 1188 178 1279 Quid
197 1190 304 1284 gemis
322 1189 476 1283 ingentes
495 1183 580 1257 coelo
600 1189 754 1283 paritura
771 1187 932 1283 nepotes?

80 1311 149 1382 Sed
168 1323 262 1405 pater
279 1324 359 1380 ante
378 1309 643 1404 igni,.ferroque
663 1311 773 1380 excisa
790 1311 916 1405 jacebit

80 1435 220 1526 Scyros,
240 1447 275 1502 et
294 1434 329 1500 in
348 1431 495 1502 tumidas
514 1430 613 1501 ibunt
628 1431 699 1500 haec
716 1456 812 1500 versa
832 1429 996 1526 procellas

79 1554 228 1641 Moenia,
248 1577 352 1647 quam
366 1576 454 1620 saevo
471 1576 547 1621 mea
563 1565 601 1621 tu
620 1551 791 1621 connubia
811 1551 932 1646 perdas

80 1679 241 1744 Funere:
260 1698 329 1742 non
347 1671 433 1742 adeo
445 1673 639 1769 parebimus
651 1675 767 1743 omnia
783 1675 895 1744 aratri.

80 1794 200 1883 Vade,
218 1793 275 1864 sed
293 1808 449 1888 ereptum
470 1809 598 1881 taceas,
617 1777 770 1887 celesque
787 1793 962 1888 pudorem.
978 1825 995 1860 s

134 1916 322 2008 Obstupuit
341 1916 445 1984 tantis
464 1915 581 2008 regina
598 1915 759 1984 exterrita
779 1917 958 2001 monstris,

82 2040 290 2133 Quanquam
310 2036 394 2107 olim
413 2051 570 2133 suspecta
588 2035 689 2126 fides,
708 2051 741 2106 et
760 2037 913 2109 cominus
930 2039 1041 2133 ipsum

81 2161 242 2247 Horruit,
261 2173 296 2228 et
314 2157 461 2229 multum
478 2158 580 2227 facies
600 2171 732 2254 mutata
748 2156 891 2228 fatentis.

80 2281 180 2370 Quid
200 2263 324 2350 faciat?
342 2303 482 2349 casusne
502 2277 688 2348 suos'serat
708 2281 781 2371 ipsa
799 2279 954 2372 parenti?

83 2405 193 2495 Seque
212 2399 331 2485 simul,
346 2401 573 2495 juvenemque
593 2413 740 2497 premat,
758 2398 907 2468 fortassis
924 2400 1060 2469 acerbas
1122 2441 1124 2444 -

81 2526 279 2592 Hausurum
299 2520 439 2616 poenas?
455 2535 489 2590 et
507 2519 619 2589 adhuc
634 2521 671 2588 in
689 2520 792 2590 corde
812 2521 969 2591 manebat

81 2641 144 2712 Ille
164 2643 223 2712 diu
242 2641 402 2737 deceptus
422 2666 544 2711 amor:
566 2640 641 2710 silet
655 2665 762 2737 aegra,
780 2643 970 2738 premitque

80 2769 158 2832 Jam
179 2787 358 2833 commune
376 2762 470 2832 nefas
490 2788 498 2830 ε
517 2786 620 2832 unam
636 2760 747 2855 placet
762 2759 887 2832 addere
905 2761 1005 2831 furtis

80 2882 251 2954 Altricem.
263 2882 405 2970 sociam,
427 2881 680 2976 precibusque
700 2882 788 2950 victa
809 2873 955 2952 duorum
990 2911 993 2918 ’

80 3005 217 3076 Annuit
238 3029 245 3072 τ
264 3001 322 3072 illa
342 3016 417 3071 astu
437 3002 540 3071 tacito
558 3015 762 3096 raptumque
781 2999 961 3096 pudorem,

81 3128 351 3219 surgentemque
372 3137 525 3208 uterum,
543 3137 645 3216 atque
666 3146 773 3217 aegros
791 3122 826 3190 in
842 3123 992 3217 pondere
1010 3145 1141 3194 menses

82 3243 262 3333 Occuluit,
281 3242 390 3340 plenis
407 3241 514 3312 donec
533 3256 618 3311 stata
635 3256 789 3339 tempora
807 3244 903 3314 metis

82 3363 226 3453 Attulit,
246 3378 279 3433 et
298 3379 415 3458 partus
435 3361 535 3432 index
552 3363 684 3433 Lucina
701 3361 851 3432 resolvit.
