3080 5136
104 441 139 503 (r.
157 441 228 504 ιιι.)
415 439 675 498 scultumos
696 439 811 497 uultu
831 441 854 496 la
1109 435 1165 504 233

104 566 267 640 Centauri
288 563 420 637 stabula
439 565 507 638 alta
527 581 663 662 patent,
683 591 753 654 nup
771 589 867 661 aqua
888 565 1042 636 nefandis
1111 627 1112 632 ,

104 689 303 760 Fratribus:
322 688 378 758 hio
395 687 574 758 laominum
590 688 703 758 nullos
721 702 858 784 experta
871 711 1015 759 cruores

104 811 264 908 Spicula,
280 835 343 880 nec
358 825 489 882 baruca
503 809 603 880 bellis
624 807 814 906 genialibus
835 811 930 894 orni,

103 937 177 1004 Aur
195 932 464 1028 consanguineos
484 931 582 1002 fracti
602 943 748 1002 crateres
768 931 804 1000 in
823 931 955 1026 hostes,

106 1053 175 1124 Sed
192 1054 357 1148 pharetra
373 1055 543 1142 insontes,
561 1067 596 1124 et
614 1053 727 1122 inania
745 1066 844 1148 terga
857 1052 1015 1123 ferarum.

105 1181 188 1245 Haec
202 1199 340 1270 quoque
353 1172 435 1245 dum
450 1174 584 1262 viridis3
598 1199 678 1245 narn
690 1199 784 1245 nuno
798 1171 894 1244 labor
909 1199 1001 1244 unua
1016 1173 1137 1244 inermi

107 1299 216 1366 Nosse
233 1294 423 1366 salutiferas
440 1294 553 1366 dubiis
569 1297 799 1367 animantibus
816 1296 959 1384 herbas,

106 1423 178 1488 Aut
195 1432 387 1488 monstrare
407 1416 481 1513 lyra
498 1432 627 1492 veteres
648 1417 770 1488 heroas
790 1415 939 1489 alumno.

159 1543 207 1610 At
225 1553 309 1608 tunc
329 1553 455 1608 venatu
474 1537 666 1609 rediturum
683 1539 720 1608 in
740 1537 856 1608 limlne
873 1540 985 1634 primo

109 1659 315 1754 opperiens,
332 1674 561 1754 properatque
577 1658 699 1755 dapes,
718 1659 883 1754 largoque
900 1673 1034 1732 serenat

108 1785 194 1876 Igne
214 1777 354 1850 domum
372 1806 381 1848 a
396 1749 502 1873 quunl
524 1781 596 1850 visa
613 1779 733 1874 procul
755 1779 798 1849 de
817 1778 917 1850 litore
939 1795 1047 1850 mater

109 1902 248 1992 Nereis,
269 1902 418 1996 erumpit
437 1900 529 1971 silvis
545 1927 554 1970 ε
572 1899 655 1971 dant
674 1901 799 1998 gaudia
818 1903 929 1988 viras,

108 2025 275 2116 Motaque
290 2019 431 2092 desueto
446 2023 582 2116 crepuit
596 2023 688 2091 senia
704 2020 833 2118 ungula
849 2046 982 2116 campo.

109 2147 207 2213 Tunc
221 2140 365 2212 blandus
385 2142 521 2230 dextra,
535 2157 637 2238 atque
654 2142 739 2214 imos
750 2143 941 2213 aulrrniasus
958 2143 994 2210 in
1010 2161 1121 2212 armos

111 2264 323 2359 Pauperibus
338 2264 435 2334 tectis
450 2263 598 2354 inducit,
616 2275 650 2332 et
664 2263 825 2342 admovet
842 2264 958 2333 antris.

159 2384 365 2456 Jamdudum
383 2385 486 2454 tacito
508 2383 631 2454 lustrat
645 2384 762 2454 Thetis
783 2385 897 2457 omnia
916 2385 1008 2470 viau3

110 2508 184 2576 Nec
200 2530 359 2600 perpessa
377 2529 490 2576 moras
507 2531 516 2574 ε
536 2533 554 2570 r
570 2505 721 2576 Ubinam
739 2531 814 2575 mea
838 2505 1000 2600 pignora,
1022 2504 1171 2576 Chiron?
1291 2525 1297 2539 ·

87 2627 196 2716 uic,
217 2628 284 2713 ait,
304 2641 443 2697 auteur
464 2625 532 2696 ulla
551 2651 638 2721 puer
654 2627 726 2722 jam
748 2641 901 2722 tempora
920 2625 1014 2696 ducit

111 2749 159 2815 Te
178 2746 272 2816 sine?
291 2773 372 2823 num
393 2749 515 2818 merito
533 2748 686 2842 trepidus
706 2747 831 2842 sopor?
846 2763 987 2842 atraque
1006 2749 1107 2816 matri

111 2869 217 2961 Signa
235 2867 371 2942 Deum?
389 2893 530 2963 magnos
550 2870 681 2938 utinam
700 2870 841 2938 mentita
860 2863 1012 2936 timores!

111 2990 268 3083 Namque
282 2990 368 3061 mibi
385 2989 523 3060 infestos
541 3005 639 3060 utero
656 2989 759 3060 modo
779 3004 925 3060 contuor
944 3013 1060 3076 enses,

111 3109 213 3179 Nunc
234 3107 371 3205 planetu
392 3109 495 3182 livere
514 3135 660 3198 manus,
674 3109 776 3180 modo
795 3111 830 3178 in
850 3110 952 3180 ubera
971 3133 1076 3180 saevas

111 3232 167 3297 lre
186 3229 273 3300 feras
290 3256 299 3298 t
319 3256 406 3326 sape
423 3233 511 3328 ipsa,
529 3227 638 3302 nefas!
659 3231 722 3302 sub
741 3231 857 3301 inania
873 3244 990 3300 natum

109 3353 272 3441 Tartara,
289 3353 380 3424 etad
394 3355 521 3450 stygios
536 3355 657 3424 iterum
672 3353 745 3422 fero
763 3361 915 3446 mergere
933 3353 1052 3421 fontes.

111 3475 181 3542 Hos
199 3471 334 3544 abolere
351 3489 461 3544 metas
477 3476 600 3571 magici
615 3475 714 3569 jubet
733 3472 854 3544 ordine
867 3475 954 3544 sacri

111 3593 315 3685 Carpathius
333 3609 444 3683 vates,
459 3617 671 3690 puerumque
691 3596 754 3665 sub
773 3619 834 3665 axe
854 3593 998 3689 probato

111 3715 255 3784 Secretis
275 3714 420 3788 lustrare
441 3715 557 3806 fretis,
577 3718 637 3788 ubi
653 3715 752 3788 litora
771 3742 902 3788 summa

111 3835 258 3924 Oceani,
277 3851 311 3912 et
327 3838 460 3933 genitor
480 3853 571 3932 tepet
590 3837 806 3910 illabentibus
824 3841 922 3909 astris

111 3959 257 4044 Pontus,
280 3957 337 4030 ubi
356 3959 482 4056 ignotis
499 3959 669 4030 horrenda
685 3959 818 4056 piacula
839 3963 956 4048 Divis,

1123 1859 1127 1870 ·
1226 1847 1240 1902 l

111 4079 277 4170 Donaque
293 4104 300 4146 :
317 4079 374 4148 aed
390 4078 531 4173 longum
546 4095 669 4154 cuncta
684 4107 899 4173 enumerare,
916 4098 1109 4176 vetorque,
