3094 5140
82 531 200 598 (sess.)
398 523 615 584 russarnos
638 525 749 583 umes
769 525 819 582 xr.
966 481 969 494 '
1079 544 1134 596 πη

82 655 220 727 Flebilis
239 657 355 727 Aoniae
376 653 524 726 solium:
542 675 606 748 pro
624 655 745 724 blondo
762 666 925 748 potestas,
968 693 971 703 ·

82 782 131 848 Et
150 781 271 873 sceptri
292 775 522 848 malesuadus
540 773 651 844 amor!
672 797 891 870 nunquamne
911 764 1062 868 priorum

83 899 273 970 Haerebuut
289 898 495 968 documenta
510 897 624 966 novis?
635 897 732 989 juvet
751 919 827 966 ecce
844 896 973 966 nefasto

84 1024 184 1091 Stare
201 1019 293 1103 loco,
308 1018 527 1116 regimenque
545 1038 648 1114 manu
667 1033 812 1088 uastare
830 1033 1017 1087 cruentum.

85 1143 182 1232 Quid
200 1137 489 1211 melior‘Fortuna-
500 1141 632 1235 potest?
646 1133 716 1234 'jam
736 1129 867 1210 flectere
887 1156 1014 1234 patrem

83 1264 234 1359 Incipit,
254 1277 355 1356 etque
374 1262 460 1332 datis
480 1259 613 1332 abolere
632 1264 803 1332 Menoecea
824 1264 947 1357 regnis.

82 1384 239 1454 Primum
257 1384 342 1452 adeo
356 1382 621 1453 saevisimbutus
640 1383 811 1452 amoribus
830 1381 932 1470 suls,

85 1504 257 1575 Indicium
274 1503 509 1600 specimenque
526 1506 594 1593 stri,
612 1495 712 1600 jullet
727 1507 805 1600 igne
824 1493 981 1600 supremo

85 1626 205 1697 Arcesi
224 1628 378 1715 Danaus,
396 1625 555 1720 nudoque
572 1625 635 1695 sub
653 1649 716 1694 exe
731 1625 889 1720 relinqui

85 1750 208 1820 Infelix
227 1748 372 1839 bellum,
390 1761 424 1818 et
440 1751 552 1820 tristes
567 1751 639 1819 sine
657 1750 790 1820 sedibus
807 1751 952 1821 umbras.

139 1874 221 1940 Mox
235 1871 394 1941 reducem
412 1873 554 1968 Ogygiae
569 1887 766 1968 congressus
788 1870 902 1940 limine
923 1883 1029 1967 portae

87 1991 295 2088 OEdipoden
315 1987 429 2062 timuit
441 1991 611 2087 paullum,
631 2015 768 2086 seseque
782 1995 948 2062 minorem
990 2027 993 2036 ¹

86 2114 271 2184 Confessus
291 2114 407 2200 tacite,
425 2127 656 2208 promtamque
672 2116 823 2184 coercuit
839 2117 934 2184 iram.

85 2237 173 2306 Mox
192 2233 279 2306 redit
296 2237 332 2304 in
344 2227 479 2332 regern,
497 2256 691 2328 meumque
709 2235 908 2306 audentibus
928 2236 1056 2306 hostem

86 2354 318 2452 Increpituns,
339 2355 506 2445 «Procul,
527 2358 660 2451 inquit,
678 2358 733 2428 sbi
752 2359 936 2427 victoribus
957 2381 1055 2426 omen

86 2479 258 2568 Invisum,
279 2495 311 2550 et
331 2480 448 2549 Furius
468 2494 602 2564 everte,
620 2503 659 2549 ac
677 2481 799 2550 moenia
817 2479 924 2552 lustra

87 2602 247 2671 Discessu
262 2600 422 2670 ‘Ilrebena
441 2591 499 2670 tuo
517 2623 526 2668 t
548 2611 623 2694 spes
641 2599 741 2696 longa
761 2611 897 2697 peracta
914 2613 972 2671 est

86 2722 198 2809 Vade,
213 2721 326 2816 jacent
342 2723 415 2790 nati
436 2745 444 2789 t
464 2747 538 2816 quae
554 2722 625 2816 jam
645 2722 706 2792 tibi
724 2721 1027 2818 votesupersuut?
1040 2752 1056 2786 s

139 2845 282 2913 Horruit
302 2844 461 2913 instinctu
481 2833 620 2932 rabido,
640 2857 869 2939 steteruntque
889 2859 1085 2932 trementes,

87 2967 161 3033 Ceu
172 2966 245 3034 visu
261 2975 437 3060 presente,
459 2981 567 3060 genae,
588 2967 783 3060 seniumque
800 2968 942 3036 recessit.
957 3005 962 3011 ·

85 3088 184 3153 Tunc
202 3099 316 3155 uatum
334 3086 558 3182 baculumque
573 3109 675 3156 manu
695 3087 836 3174 dimisit,
855 3101 889 3160 et
905 3090 962 3158 ire

86 3207 248 3297 Innixus,
270 3209 400 3279 tumido
419 3229 536 3279 uocem
555 3210 598 3280 de
617 3225 751 3305 pectore
766 3211 894 3307 rumpit
912 3237 923 3278 t

140 3355 159 3390 s
171 3329 290 3412 Jemne
307 3333 551 3420 vaoet'saevirc,
571 3331 703 3403 Creon?
721 3332 822 3402 modo
840 3331 968 3426 perlida
987 3357 1091 3428 regna

87 3449 313 3543 Fortunaeque
332 3447 444 3520 locum
459 3462 595 3540 nostre,
612 3453 819 3542 miserande,
840 3455 975 3542 subisti,

85 3571 132 3637 Et
150 3568 210 3670 tibi
222 3571 293 3664 jam
311 3570 359 3640 fas
378 3587 428 3642 est
448 3589 566 3670 regum
585 3573 713 3644 calcare
732 3574 869 3645 ruinas?

84 3693 162 3758 Jam
183 3691 319 3761 tumulis
334 3695 455 3781 victos,
474 3697 580 3766 socios
596 3698 666 3790 jam
688 3699 854 3767 moenibus
873 3697 1005 3768 arcesl‘

86 3813 220 3898 Macte,
241 3828 335 3907 potes
355 3814 457 3911 digne
470 3817 662 3888 Thebarum
681 3833 812 3914 sceptra
830 3822 929 3889 tueri.

85 3935 166 4001 Haec
185 3947 243 4002 tua
260 3937 369 4031 prima
388 3935 484 4007 dies:
506 3937 564 4007 sed
583 3961 645 4008 cur
662 3947 749 4011 troia
765 3942 936 4011 contrahis
955 3965 1068 4011 amens

84 4052 193 4122 Jural
212 4056 294 4149 quid
316 4073 456 4154 anguste
476 4071 586 4130 tantos
606 4063 732 4144 metiris
750 4063 917 4132 honores?

86 4172 250 4244 Exsilium
272 4175 440 4250 intendis?
453 4179 571 4252 timide
589 4181 804 4253 inclementia
823 4209 940 4280 regum

935 4308 986 4378 15.
