<?xml version="1.0" encoding="UTF-8"?>
<!DOCTYPE html PUBLIC "-//W3C//DTD XHTML 1.0 Transitional//EN"
    "http://www.w3.org/TR/xhtml1/DTD/xhtml1-transitional.dtd">
<html xmlns="http://www.w3.org/1999/xhtml" xml:lang="en" lang="en">
 <head>
  <title>
</title>
<meta http-equiv="Content-Type" content="text/html;charset=utf-8" />
  <meta name='ocr-system' content='tesseract 3.04.00' />
  <meta name='ocr-capabilities' content='ocr_page ocr_carea ocr_par ocr_line ocrx_word'/>
</head>
<body>
  <div class='ocr_page' id='page_1' title='image "./operaquaeextant00dbgoog_0266.png"; bbox 0 0 3200 5142; ppageno 0'>
   <div class='ocr_carea' id='block_1_1' title="bbox 132 461 1196 530">
    <p class='ocr_par' dir='ltr' id='par_1_1' title="bbox 132 461 1196 530">
     <span class='ocr_line' id='line_1_1' title="bbox 132 461 1196 530; baseline 0.002 -13"><span class='ocrx_word' id='word_1_1' title='bbox 132 468 258 530; x_wconf 55' lang='lat' dir='ltr'>(eost.)</span> <span class='ocrx_word' id='word_1_2' title='bbox 459 461 673 519; x_wconf 73' lang='lat' dir='ltr'>Tuaunluos</span> <span class='ocrx_word' id='word_1_3' title='bbox 696 463 808 518; x_wconf 77' lang='lat' dir='ltr'>Lffluu</span> <span class='ocrx_word' id='word_1_4' title='bbox 824 465 876 518; x_wconf 89' lang='lat'>111.</span> <span class='ocrx_word' id='word_1_5' title='bbox 904 507 907 516; x_wconf 91' lang='grc'><strong>.</strong></span> <span class='ocrx_word' id='word_1_6' title='bbox 1142 469 1196 529; x_wconf 70' lang='lat' dir='ltr'>aar</span> 
     </span>
    </p>
   </div>
   <div class='ocr_carea' id='block_1_2' title="bbox 134 586 1152 4204">
    <p class='ocr_par' dir='ltr' id='par_1_2' title="bbox 134 586 1152 4204">
     <span class='ocr_line' id='line_1_2' title="bbox 135 586 947 685; baseline -0.006 -24"><span class='ocrx_word' id='word_1_7' title='bbox 135 598 185 662; x_wconf 89' lang='lat' dir='ltr'>Et</span> <span class='ocrx_word' id='word_1_8' title='bbox 211 589 364 661; x_wconf 75' lang='lat' dir='ltr'>thalamis</span> <span class='ocrx_word' id='word_1_9' title='bbox 383 590 513 685; x_wconf 88' lang='lat' dir='ltr'>potiare</span> <span class='ocrx_word' id='word_1_10' title='bbox 529 586 832 681; x_wconf 81' lang='lat' dir='ltr'>jacens,·sileamus</span> <span class='ocrx_word' id='word_1_11' title='bbox 847 587 947 658; x_wconf 90' lang='lat' dir='ltr'>inulti</span> 
     </span>
     <span class='ocr_line' id='line_1_3' title="bbox 134 707 947 810; baseline -0.002 -28"><span class='ocrx_word' id='word_1_12' title='bbox 134 713 278 810; x_wconf 84' lang='lat' dir='ltr'>Tydeos</span> <span class='ocrx_word' id='word_1_13' title='bbox 295 711 420 806; x_wconf 80' lang='lat' dir='ltr'>egregii</span> <span class='ocrx_word' id='word_1_14' title='bbox 436 707 624 804; x_wconf 76' lang='lat' dir='ltr'>perfossum</span> <span class='ocrx_word' id='word_1_15' title='bbox 644 709 786 804; x_wconf 83' lang='lat' dir='ltr'>pectus?</span> <span class='ocrx_word' id='word_1_16' title='bbox 804 723 837 779; x_wconf 87' lang='lat' dir='ltr'>et</span> <span class='ocrx_word' id='word_1_17' title='bbox 854 734 947 780; x_wconf 89' lang='lat' dir='ltr'>arma</span> 
     </span>
     <span class='ocr_line' id='line_1_4' title="bbox 137 828 1105 925; baseline -0.004 -21"><span class='ocrx_word' id='word_1_18' title='bbox 137 833 293 904; x_wconf 87' lang='lat' dir='ltr'>Foederis</span> <span class='ocrx_word' id='word_1_19' title='bbox 308 828 469 925; x_wconf 80' lang='lat' dir='ltr'>abrupti?</span> <span class='ocrx_word' id='word_1_20' title='bbox 488 829 581 924; x_wconf 92' lang='lat' dir='ltr'>quod</span> <span class='ocrx_word' id='word_1_21' title='bbox 599 831 628 899; x_wconf 90' lang='lat' dir='ltr'>si</span> <span class='ocrx_word' id='word_1_22' title='bbox 643 829 730 899; x_wconf 90' lang='lat' dir='ltr'>bella</span> <span class='ocrx_word' id='word_1_23' title='bbox 746 829 848 900; x_wconf 81' lang='lat' dir='ltr'>effera</span> <span class='ocrx_word' id='word_1_24' title='bbox 864 832 986 903; x_wconf 88' lang='lat' dir='ltr'>Graios</span> <span class='ocrx_word' id='word_1_25' title='bbox 1102 879 1105 884; x_wconf 68' lang='lat'><em>,</em></span> 
     </span>
     <span class='ocr_line' id='line_1_5' title="bbox 136 950 975 1047; baseline -0.002 -23"><span class='ocrx_word' id='word_1_26' title='bbox 136 958 248 1026; x_wconf 84' lang='lat' dir='ltr'>Ferre</span> <span class='ocrx_word' id='word_1_27' title='bbox 267 959 374 1043; x_wconf 78' lang='lat' dir='ltr'>vetas,</span> <span class='ocrx_word' id='word_1_28' title='bbox 396 953 407 1020; x_wconf 93' lang='lat' dir='ltr'>i</span> <span class='ocrx_word' id='word_1_29' title='bbox 425 950 581 1023; x_wconf 88' lang='lat' dir='ltr'>Sidonias</span> <span class='ocrx_word' id='word_1_30' title='bbox 600 950 730 1047; x_wconf 86' lang='lat' dir='ltr'>legatus</span> <span class='ocrx_word' id='word_1_31' title='bbox 746 952 789 1021; x_wconf 89' lang='lat' dir='ltr'>ad</span> <span class='ocrx_word' id='word_1_32' title='bbox 809 951 932 1024; x_wconf 67' lang='lat' dir='ltr'>urbes</span> <span class='ocrx_word' id='word_1_33' title='bbox 974 987 975 996; x_wconf 46' lang='lat'>¹</span> 
     </span>
     <span class='ocr_line' id='line_1_6' title="bbox 138 1073 1064 1171; baseline -0.004 -25"><span class='ocrx_word' id='word_1_34' title='bbox 138 1082 226 1146; x_wconf 81' lang='lat' dir='ltr'>Haec</span> <span class='ocrx_word' id='word_1_35' title='bbox 242 1099 358 1171; x_wconf 88' lang='lat' dir='ltr'>pacem</span> <span class='ocrx_word' id='word_1_36' title='bbox 379 1074 441 1145; x_wconf 84' lang='lat' dir='ltr'>tibi</span> <span class='ocrx_word' id='word_1_37' title='bbox 459 1073 696 1144; x_wconf 60' lang='lat' dir='ltr'>serta‘dabunt</span> <span class='ocrx_word' id='word_1_38' title='bbox 714 1100 722 1142; x_wconf 73' lang='grc' dir='ltr'><strong><em>ε</em></strong></span> <span class='ocrx_word' id='word_1_39' title='bbox 740 1088 801 1144; x_wconf 87' lang='lat' dir='ltr'>tua</span> <span class='ocrx_word' id='word_1_40' title='bbox 817 1099 955 1169; x_wconf 88' lang='lat' dir='ltr'>prorsus</span> <span class='ocrx_word' id='word_1_41' title='bbox 972 1075 1064 1144; x_wconf 88' lang='lat' dir='ltr'>inani</span> 
     </span>
     <span class='ocr_line' id='line_1_7' title="bbox 140 1195 1020 1292; baseline -0.003 -25"><span class='ocrx_word' id='word_1_42' title='bbox 140 1197 260 1267; x_wconf 85' lang='lat' dir='ltr'>Verba</span> <span class='ocrx_word' id='word_1_43' title='bbox 276 1195 356 1292; x_wconf 92' lang='lat' dir='ltr'>polo</span> <span class='ocrx_word' id='word_1_44' title='bbox 373 1220 508 1284; x_wconf 82' lang='lat' dir='ltr'>causas,</span> <span class='ocrx_word' id='word_1_45' title='bbox 527 1197 747 1289; x_wconf 80' lang='lat' dir='ltr'>abstrusaque</span> <span class='ocrx_word' id='word_1_46' title='bbox 763 1195 892 1265; x_wconf 87' lang='lat' dir='ltr'>semina</span> <span class='ocrx_word' id='word_1_47' title='bbox 906 1220 1020 1265; x_wconf 87' lang='lat' dir='ltr'>rerum</span> 
     </span>
     <span class='ocr_line' id='line_1_8' title="bbox 141 1316 1019 1413; baseline 0 -25"><span class='ocrx_word' id='word_1_48' title='bbox 141 1318 319 1390; x_wconf 84' lang='lat' dir='ltr'>Eliciunt?</span> <span class='ocrx_word' id='word_1_49' title='bbox 341 1319 478 1388; x_wconf 87' lang='lat' dir='ltr'>miseret</span> <span class='ocrx_word' id='word_1_50' title='bbox 493 1320 681 1413; x_wconf 89' lang='lat' dir='ltr'>Superum,</span> <span class='ocrx_word' id='word_1_51' title='bbox 702 1321 730 1387; x_wconf 90' lang='lat' dir='ltr'>si</span> <span class='ocrx_word' id='word_1_52' title='bbox 744 1316 899 1388; x_wconf 82' lang='lat' dir='ltr'>carmina&#39;.</span> <span class='ocrx_word' id='word_1_53' title='bbox 911 1343 1019 1404; x_wconf 74' lang='lat' dir='ltr'>cure,</span> 
     </span>
     <span class='ocr_line' id='line_1_9' title="bbox 142 1438 1076 1534; baseline -0.002 -24"><span class='ocrx_word' id='word_1_54' title='bbox 142 1445 380 1534; x_wconf 69' lang='lat' dir='ltr'>Humanoque</span> <span class='ocrx_word' id='word_1_55' title='bbox 398 1461 515 1534; x_wconf 80' lang='lat' dir='ltr'>preces</span> <span class='ocrx_word' id='word_1_56' title='bbox 530 1463 538 1506; x_wconf 93' lang='lat'><strong>:</strong></span> <span class='ocrx_word' id='word_1_57' title='bbox 552 1438 635 1533; x_wconf 90' lang='lat' dir='ltr'>quid</span> <span class='ocrx_word' id='word_1_58' title='bbox 656 1439 777 1509; x_wconf 86' lang='lat' dir='ltr'>inertia</span> <span class='ocrx_word' id='word_1_59' title='bbox 794 1455 935 1534; x_wconf 79' lang='lat' dir='ltr'>pectora</span> <span class='ocrx_word' id='word_1_60' title='bbox 952 1441 1076 1510; x_wconf 78' lang='lat' dir='ltr'>terres?</span> 
     </span>
     <span class='ocr_line' id='line_1_10' title="bbox 142 1559 1072 1654; baseline 0.002 -24"><span class='ocrx_word' id='word_1_61' title='bbox 142 1562 282 1630; x_wconf 88' lang='lat' dir='ltr'>Primus</span> <span class='ocrx_word' id='word_1_62' title='bbox 302 1561 337 1630; x_wconf 90' lang='lat' dir='ltr'>in</span> <span class='ocrx_word' id='word_1_63' title='bbox 354 1561 436 1630; x_wconf 86' lang='lat' dir='ltr'>orbe</span> <span class='ocrx_word' id='word_1_64' title='bbox 451 1563 542 1630; x_wconf 90' lang='lat' dir='ltr'>Deos</span> <span class='ocrx_word' id='word_1_65' title='bbox 559 1559 637 1654; x_wconf 84' lang='lat' dir='ltr'>lecit</span> <span class='ocrx_word' id='word_1_66' title='bbox 653 1560 753 1630; x_wconf 88' lang='lat' dir='ltr'>timor</span> <span class='ocrx_word' id='word_1_67' title='bbox 770 1577 826 1630; x_wconf 88' lang='lat' dir='ltr'>:et</span> <span class='ocrx_word' id='word_1_68' title='bbox 843 1561 905 1631; x_wconf 90' lang='lat' dir='ltr'>tibi</span> <span class='ocrx_word' id='word_1_69' title='bbox 922 1576 998 1632; x_wconf 91' lang='lat' dir='ltr'>tuto</span> <span class='ocrx_word' id='word_1_70' title='bbox 1069 1561 1072 1566; x_wconf 67' lang='grc'>’</span> 
     </span>
     <span class='ocr_line' id='line_1_11' title="bbox 145 1680 1152 1778; baseline 0.001 -28"><span class='ocrx_word' id='word_1_71' title='bbox 145 1683 250 1750; x_wconf 89' lang='lat' dir='ltr'>Nunc</span> <span class='ocrx_word' id='word_1_72' title='bbox 264 1695 319 1750; x_wconf 85' lang='lat' dir='ltr'>eat</span> <span class='ocrx_word' id='word_1_73' title='bbox 337 1682 398 1751; x_wconf 87' lang='lat' dir='ltr'>istc</span> <span class='ocrx_word' id='word_1_74' title='bbox 414 1680 511 1751; x_wconf 79' lang='lat' dir='ltr'>furor</span> <span class='ocrx_word' id='word_1_75' title='bbox 526 1708 533 1751; x_wconf 92' lang='lat'><strong>:</strong></span> <span class='ocrx_word' id='word_1_76' title='bbox 550 1681 608 1751; x_wconf 86' lang='lat' dir='ltr'>sed</span> <span class='ocrx_word' id='word_1_77' title='bbox 623 1683 733 1776; x_wconf 90' lang='lat' dir='ltr'>prima</span> <span class='ocrx_word' id='word_1_78' title='bbox 750 1681 793 1751; x_wconf 85' lang='lat' dir='ltr'>ad</span> <span class='ocrx_word' id='word_1_79' title='bbox 809 1681 945 1754; x_wconf 85' lang='lat' dir='ltr'>classica</span> <span class='ocrx_word' id='word_1_80' title='bbox 962 1709 1067 1778; x_wconf 90' lang='lat' dir='ltr'>quum</span> <span class='ocrx_word' id='word_1_81' title='bbox 1080 1683 1152 1776; x_wconf 85' lang='lat' dir='ltr'>jam</span> 
     </span>
     <span class='ocr_line' id='line_1_12' title="bbox 146 1801 1079 1898; baseline 0.003 -27"><span class='ocrx_word' id='word_1_82' title='bbox 146 1801 316 1872; x_wconf 85' lang='lat' dir='ltr'>Hostilem</span> <span class='ocrx_word' id='word_1_83' title='bbox 334 1804 491 1874; x_wconf 89' lang='lat' dir='ltr'>Ismeuon</span> <span class='ocrx_word' id='word_1_84' title='bbox 513 1801 616 1897; x_wconf 88' lang='lat' dir='ltr'>galeis</span> <span class='ocrx_word' id='word_1_85' title='bbox 637 1803 831 1898; x_wconf 85' lang='lat' dir='ltr'>Dircenque</span> <span class='ocrx_word' id='word_1_86' title='bbox 851 1804 1020 1893; x_wconf 87' lang='lat' dir='ltr'>bibemus,</span> <span class='ocrx_word' id='word_1_87' title='bbox 1077 1841 1079 1849; x_wconf 94' lang='lat'>·</span> 
     </span>
     <span class='ocr_line' id='line_1_13' title="bbox 146 1923 1099 2020; baseline 0 -27"><span class='ocrx_word' id='word_1_88' title='bbox 146 1927 204 1994; x_wconf 90' lang='lat' dir='ltr'>Ne</span> <span class='ocrx_word' id='word_1_89' title='bbox 221 1925 303 1993; x_wconf 89' lang='lat' dir='ltr'>mihi</span> <span class='ocrx_word' id='word_1_90' title='bbox 322 1939 424 2012; x_wconf 89' lang='lat' dir='ltr'>tunc,</span> <span class='ocrx_word' id='word_1_91' title='bbox 443 1947 586 2012; x_wconf 88' lang='lat' dir='ltr'>moneo,</span> <span class='ocrx_word' id='word_1_92' title='bbox 604 1923 707 2018; x_wconf 83' lang='lat' dir='ltr'>lituos</span> <span class='ocrx_word' id='word_1_93' title='bbox 725 1940 828 2020; x_wconf 88' lang='lat' dir='ltr'>atque</span> <span class='ocrx_word' id='word_1_94' title='bbox 844 1951 937 1996; x_wconf 89' lang='lat' dir='ltr'>arma</span> <span class='ocrx_word' id='word_1_95' title='bbox 954 1925 1099 2011; x_wconf 86' lang='lat' dir='ltr'>volenti,</span> 
     </span>
     <span class='ocr_line' id='line_1_14' title="bbox 147 2043 946 2140; baseline 0.003 -26"><span class='ocrx_word' id='word_1_96' title='bbox 147 2044 283 2114; x_wconf 80' lang='lat' dir='ltr'>Obvius</span> <span class='ocrx_word' id='word_1_97' title='bbox 301 2044 350 2114; x_wconf 86' lang='lat' dir='ltr'>ire</span> <span class='ocrx_word' id='word_1_98' title='bbox 368 2068 487 2138; x_wconf 85' lang='lat' dir='ltr'>pares,</span> <span class='ocrx_word' id='word_1_99' title='bbox 503 2045 679 2140; x_wconf 82' lang='lat' dir='ltr'>ventisque</span> <span class='ocrx_word' id='word_1_100' title='bbox 699 2061 758 2116; x_wconf 87' lang='lat' dir='ltr'>aut</span> <span class='ocrx_word' id='word_1_101' title='bbox 778 2043 857 2116; x_wconf 86' lang='lat' dir='ltr'>alite</span> <span class='ocrx_word' id='word_1_102' title='bbox 876 2047 946 2116; x_wconf 88' lang='lat' dir='ltr'>visa</span> 
     </span>
     <span class='ocr_line' id='line_1_15' title="bbox 148 2163 1061 2262; baseline 0 -28"><span class='ocrx_word' id='word_1_103' title='bbox 148 2163 325 2235; x_wconf 90' lang='lat' dir='ltr'>Bellorum</span> <span class='ocrx_word' id='word_1_104' title='bbox 345 2165 498 2260; x_wconf 84' lang='lat' dir='ltr'>proferre</span> <span class='ocrx_word' id='word_1_105' title='bbox 515 2163 604 2236; x_wconf 86' lang='lat' dir='ltr'>diem</span> <span class='ocrx_word' id='word_1_106' title='bbox 621 2192 629 2235; x_wconf 76' lang='grc' dir='ltr'><strong><em>ε</em></strong></span> <span class='ocrx_word' id='word_1_107' title='bbox 648 2165 768 2262; x_wconf 91' lang='lat' dir='ltr'>procul</span> <span class='ocrx_word' id='word_1_108' title='bbox 786 2168 857 2236; x_wconf 86' lang='lat' dir='ltr'>haec</span> <span class='ocrx_word' id='word_1_109' title='bbox 873 2167 936 2236; x_wconf 87' lang='lat' dir='ltr'>tibi</span> <span class='ocrx_word' id='word_1_110' title='bbox 951 2165 1061 2235; x_wconf 91' lang='lat' dir='ltr'>mollis</span> 
     </span>
     <span class='ocr_line' id='line_1_16' title="bbox 147 2283 957 2384; baseline 0.002 -30"><span class='ocrx_word' id='word_1_111' title='bbox 147 2283 280 2375; x_wconf 77' lang='lat' dir='ltr'>Insula,</span> <span class='ocrx_word' id='word_1_112' title='bbox 294 2285 500 2381; x_wconf 81' lang='lat' dir='ltr'>terrificique</span> <span class='ocrx_word' id='word_1_113' title='bbox 516 2285 813 2384; x_wconf 79' lang='lat' dir='ltr'>aberitdementia</span> <span class='ocrx_word' id='word_1_114' title='bbox 830 2287 957 2358; x_wconf 80' lang='lat' dir='ltr'>Phoebi.</span> 
     </span>
     <span class='ocr_line' id='line_1_17' title="bbox 148 2405 1004 2505; baseline 0.002 -29"><span class='ocrx_word' id='word_1_115' title='bbox 148 2405 228 2476; x_wconf 92' lang='lat' dir='ltr'>lllic</span> <span class='ocrx_word' id='word_1_116' title='bbox 247 2432 358 2500; x_wconf 90' lang='lat' dir='ltr'>augur</span> <span class='ocrx_word' id='word_1_117' title='bbox 376 2432 457 2504; x_wconf 88' lang='lat' dir='ltr'>ego,</span> <span class='ocrx_word' id='word_1_118' title='bbox 475 2422 508 2477; x_wconf 89' lang='lat' dir='ltr'>et</span> <span class='ocrx_word' id='word_1_119' title='bbox 524 2431 660 2479; x_wconf 89' lang='lat' dir='ltr'>mecum</span> <span class='ocrx_word' id='word_1_120' title='bbox 681 2410 876 2505; x_wconf 87' lang='lat' dir='ltr'>quicunque</span> <span class='ocrx_word' id='word_1_121' title='bbox 897 2411 1004 2505; x_wconf 87' lang='lat' dir='ltr'>parati</span> 
     </span>
     <span class='ocr_line' id='line_1_18' title="bbox 149 2529 1054 2627; baseline 0.002 -29"><span class='ocrx_word' id='word_1_122' title='bbox 149 2529 306 2598; x_wconf 82' lang='lat' dir='ltr'>insanire</span> <span class='ocrx_word' id='word_1_123' title='bbox 323 2553 436 2598; x_wconf 90' lang='lat' dir='ltr'>manu.</span> <span class='ocrx_word' id='word_1_124' title='bbox 453 2559 470 2594; x_wconf 75' lang='lat' dir='ltr'>n</span> <span class='ocrx_word' id='word_1_125' title='bbox 495 2534 626 2600; x_wconf 86' lang='lat' dir='ltr'>Rursus</span> <span class='ocrx_word' id='word_1_126' title='bbox 648 2529 762 2625; x_wconf 86' lang='lat' dir='ltr'>fragor</span> <span class='ocrx_word' id='word_1_127' title='bbox 783 2533 916 2600; x_wconf 84' lang='lat' dir='ltr'>intonat</span> <span class='ocrx_word' id='word_1_128' title='bbox 934 2531 1054 2627; x_wconf 86' lang='lat' dir='ltr'>ingens</span> 
     </span>
     <span class='ocr_line' id='line_1_19' title="bbox 149 2649 1075 2738; baseline 0.004 -20"><span class='ocrx_word' id='word_1_129' title='bbox 149 2652 381 2738; x_wconf 81' lang='lat' dir='ltr'>Hortantum,</span> <span class='ocrx_word' id='word_1_130' title='bbox 401 2664 436 2719; x_wconf 87' lang='lat' dir='ltr'>et</span> <span class='ocrx_word' id='word_1_131' title='bbox 452 2665 557 2722; x_wconf 69' lang='lat' dir='ltr'>vasto,</span> <span class='ocrx_word' id='word_1_132' title='bbox 567 2649 792 2721; x_wconf 81' lang='lat' dir='ltr'>subtervolat</span> <span class='ocrx_word' id='word_1_133' title='bbox 806 2653 1075 2724; x_wconf 78' lang='lat' dir='ltr'>astratumultu.</span> 
     </span>
     <span class='ocr_line' id='line_1_20' title="bbox 201 2771 1127 2870; baseline 0.002 -26"><span class='ocrx_word' id='word_1_134' title='bbox 201 2775 250 2844; x_wconf 91' lang='lat' dir='ltr'>Ut</span> <span class='ocrx_word' id='word_1_135' title='bbox 265 2771 404 2870; x_wconf 87' lang='lat' dir='ltr'>rapidus</span> <span class='ocrx_word' id='word_1_136' title='bbox 422 2785 572 2861; x_wconf 83' lang='lat' dir='ltr'>torrens,</span> <span class='ocrx_word' id='word_1_137' title='bbox 591 2775 721 2846; x_wconf 89' lang='lat' dir='ltr'>animos</span> <span class='ocrx_word' id='word_1_138' title='bbox 739 2776 792 2845; x_wconf 92' lang='lat' dir='ltr'>cui</span> <span class='ocrx_word' id='word_1_139' title='bbox 811 2777 918 2847; x_wconf 70' lang='lat' dir='ltr'>vema&#39;</span> <span class='ocrx_word' id='word_1_140' title='bbox 936 2778 1127 2848; x_wconf 88' lang='lat' dir='ltr'>ministrant</span> 
     </span>
     <span class='ocr_line' id='line_1_21' title="bbox 149 2879 946 2992; baseline 0.001 -26"><span class='ocrx_word' id='word_1_141' title='bbox 149 2895 322 2984; x_wconf 85' lang='lat' dir='ltr'>Flamina,</span> <span class='ocrx_word' id='word_1_142' title='bbox 342 2910 377 2966; x_wconf 86' lang='lat' dir='ltr'>et</span> <span class='ocrx_word' id='word_1_143' title='bbox 396 2897 488 2966; x_wconf 82' lang='lat' dir='ltr'>exuti</span> <span class='ocrx_word' id='word_1_144' title='bbox 505 2912 664 2966; x_wconf 87' lang='lat' dir='ltr'>concreto</span> <span class='ocrx_word' id='word_1_145' title='bbox 682 2879 807 2992; x_wconf 83' lang='lat' dir='ltr'>frigore</span> <span class='ocrx_word' id='word_1_146' title='bbox 825 2896 946 2986; x_wconf 87' lang='lat' dir='ltr'>colles,</span> 
     </span>
     <span class='ocr_line' id='line_1_22' title="bbox 151 3013 1120 3114; baseline 0 -28"><span class='ocrx_word' id='word_1_147' title='bbox 151 3020 271 3108; x_wconf 90' lang='lat' dir='ltr'>Quum</span> <span class='ocrx_word' id='word_1_148' title='bbox 289 3043 394 3114; x_wconf 88' lang='lat' dir='ltr'>vagus</span> <span class='ocrx_word' id='word_1_149' title='bbox 413 3019 448 3087; x_wconf 92' lang='lat' dir='ltr'>in</span> <span class='ocrx_word' id='word_1_150' title='bbox 469 3041 605 3114; x_wconf 85' lang='lat' dir='ltr'>campos</span> <span class='ocrx_word' id='word_1_151' title='bbox 623 3018 748 3088; x_wconf 84' lang='lat' dir='ltr'>frustra</span> <span class='ocrx_word' id='word_1_152' title='bbox 767 3018 1025 3114; x_wconf 82' lang='lat' dir='ltr'>prohibentibus</span> <span class='ocrx_word' id='word_1_153' title='bbox 1043 3013 1120 3089; x_wconf 67' lang='lat' dir='ltr'>exit&#39;</span> 
     </span>
     <span class='ocr_line' id='line_1_23' title="bbox 151 3139 1099 3234; baseline 0.002 -26"><span class='ocrx_word' id='word_1_154' title='bbox 151 3139 347 3232; x_wconf 88' lang='lat' dir='ltr'>Objicibus‚</span> <span class='ocrx_word' id='word_1_155' title='bbox 363 3152 525 3208; x_wconf 87' lang='lat' dir='ltr'>resonant</span> <span class='ocrx_word' id='word_1_156' title='bbox 543 3140 713 3234; x_wconf 87' lang='lat' dir='ltr'>permixto</span> <span class='ocrx_word' id='word_1_157' title='bbox 730 3140 867 3209; x_wconf 88' lang='lat' dir='ltr'>turbine</span> <span class='ocrx_word' id='word_1_158' title='bbox 882 3154 989 3229; x_wconf 82' lang='lat' dir='ltr'>tecta,</span> <span class='ocrx_word' id='word_1_159' title='bbox 1036 3191 1039 3198; x_wconf 79' lang='lat'>-</span> <span class='ocrx_word' id='word_1_160' title='bbox 1090 3189 1099 3216; x_wconf 75' lang='lat'>=.</span> 
     </span>
     <span class='ocr_line' id='line_1_24' title="bbox 152 3237 1086 3356; baseline -0.001 -26"><span class='ocrx_word' id='word_1_161' title='bbox 152 3264 265 3346; x_wconf 79' lang='lat' dir='ltr'>Arva,</span> <span class='ocrx_word' id='word_1_162' title='bbox 284 3273 458 3348; x_wconf 62' lang='lat' dir='ltr'>annentn5</span> <span class='ocrx_word' id='word_1_163' title='bbox 475 3260 560 3347; x_wconf 90' lang='lat' dir='ltr'>viri,</span> <span class='ocrx_word' id='word_1_164' title='bbox 582 3259 692 3331; x_wconf 88' lang='lat' dir='ltr'>donec</span> <span class='ocrx_word' id='word_1_165' title='bbox 713 3262 807 3332; x_wconf 85' lang='lat' dir='ltr'>stetit</span> <span class='ocrx_word' id='word_1_166' title='bbox 823 3237 998 3356; x_wconf 89' lang='lat' dir='ltr'>improbus</span> <span class='ocrx_word' id='word_1_167' title='bbox 1016 3258 1086 3331; x_wconf 87' lang='lat' dir='ltr'>alto</span> 
     </span>
     <span class='ocr_line' id='line_1_25' title="bbox 154 3378 1118 3478; baseline 0.001 -28"><span class='ocrx_word' id='word_1_168' title='bbox 154 3378 252 3450; x_wconf 86' lang='lat' dir='ltr'>Colle</span> <span class='ocrx_word' id='word_1_169' title='bbox 272 3382 394 3469; x_wconf 80' lang='lat' dir='ltr'>minor,</span> <span class='ocrx_word' id='word_1_170' title='bbox 414 3405 607 3476; x_wconf 88' lang='lat' dir='ltr'>magnoque</span> <span class='ocrx_word' id='word_1_171' title='bbox 623 3383 754 3452; x_wconf 88' lang='lat' dir='ltr'>invenit</span> <span class='ocrx_word' id='word_1_172' title='bbox 770 3382 805 3452; x_wconf 94' lang='lat' dir='ltr'>in</span> <span class='ocrx_word' id='word_1_173' title='bbox 821 3407 946 3478; x_wconf 82' lang='lat' dir='ltr'>aggere</span> <span class='ocrx_word' id='word_1_174' title='bbox 963 3385 1064 3478; x_wconf 87' lang='lat' dir='ltr'>ripas.</span> <span class='ocrx_word' id='word_1_175' title='bbox 1116 3433 1118 3439; x_wconf 69' lang='lat'>,</span> 
     </span>
     <span class='ocr_line' id='line_1_26' title="bbox 154 3499 1034 3578; baseline -0.001 -6"><span class='ocrx_word' id='word_1_176' title='bbox 154 3505 236 3572; x_wconf 78' lang='lat' dir='ltr'>Haec</span> <span class='ocrx_word' id='word_1_177' title='bbox 255 3499 384 3572; x_wconf 88' lang='lat' dir='ltr'>alterna</span> <span class='ocrx_word' id='word_1_178' title='bbox 406 3500 530 3571; x_wconf 90' lang='lat' dir='ltr'>ducum</span> <span class='ocrx_word' id='word_1_179' title='bbox 550 3507 617 3572; x_wconf 83' lang='lat' dir='ltr'>nox</span> <span class='ocrx_word' id='word_1_180' title='bbox 636 3501 800 3573; x_wconf 84' lang='lat' dir='ltr'>interfusa</span> <span class='ocrx_word' id='word_1_181' title='bbox 816 3504 976 3578; x_wconf 65' lang='lat' dir='ltr'>dirersis·</span> <span class='ocrx_word' id='word_1_182' title='bbox 1031 3551 1034 3556; x_wconf 18' lang='grc' dir='ltr'><strong>Α</strong></span> 
     </span>
     <span class='ocr_line' id='line_1_27' title="bbox 204 3623 983 3720; baseline 0.003 -27"><span class='ocrx_word' id='word_1_183' title='bbox 204 3627 251 3693; x_wconf 78' lang='lat' dir='ltr'>m</span> <span class='ocrx_word' id='word_1_184' title='bbox 270 3625 415 3718; x_wconf 86' lang='lat' dir='ltr'>gemitus</span> <span class='ocrx_word' id='word_1_185' title='bbox 429 3624 533 3719; x_wconf 79' lang='lat' dir='ltr'>Argia</span> <span class='ocrx_word' id='word_1_186' title='bbox 553 3625 616 3694; x_wconf 85' lang='lat' dir='ltr'>viri</span> <span class='ocrx_word' id='word_1_187' title='bbox 635 3649 705 3694; x_wconf 92' lang='lat' dir='ltr'>non</span> <span class='ocrx_word' id='word_1_188' title='bbox 726 3623 983 3720; x_wconf 66' lang='lat' dir='ltr'>amplius‘aequo</span> 
     </span>
     <span class='ocr_line' id='line_1_28' title="bbox 155 3744 1131 3839; baseline 0 -23"><span class='ocrx_word' id='word_1_189' title='bbox 155 3744 269 3816; x_wconf 89' lang='lat' dir='ltr'>Corde</span> <span class='ocrx_word' id='word_1_190' title='bbox 288 3744 418 3834; x_wconf 86' lang='lat' dir='ltr'>ferens,</span> <span class='ocrx_word' id='word_1_191' title='bbox 435 3746 632 3839; x_wconf 86' lang='lat' dir='ltr'>sociumque</span> <span class='ocrx_word' id='word_1_192' title='bbox 653 3747 767 3814; x_wconf 89' lang='lat' dir='ltr'>animo</span> <span class='ocrx_word' id='word_1_193' title='bbox 784 3747 942 3816; x_wconf 88' lang='lat' dir='ltr'>miserata</span> <span class='ocrx_word' id='word_1_194' title='bbox 959 3745 1131 3835; x_wconf 88' lang='lat' dir='ltr'>dolorem,</span> 
     </span>
     <span class='ocr_line' id='line_1_29' title="bbox 155 3863 1020 3963; baseline 0.002 -26"><span class='ocrx_word' id='word_1_195' title='bbox 155 3869 249 3960; x_wconf 79' lang='lat' dir='ltr'>Sicut</span> <span class='ocrx_word' id='word_1_196' title='bbox 272 3879 345 3936; x_wconf 88' lang='lat' dir='ltr'>erat</span> <span class='ocrx_word' id='word_1_197' title='bbox 365 3865 498 3960; x_wconf 88' lang='lat' dir='ltr'>pridem</span> <span class='ocrx_word' id='word_1_198' title='bbox 516 3863 636 3936; x_wconf 88' lang='lat' dir='ltr'>laceris</span> <span class='ocrx_word' id='word_1_199' title='bbox 657 3867 795 3937; x_wconf 85' lang='lat' dir='ltr'>turbata-</span> <span class='ocrx_word' id='word_1_200' title='bbox 814 3867 957 3963; x_wconf 88' lang='lat' dir='ltr'>capillis,</span> <span class='ocrx_word' id='word_1_201' title='bbox 1017 3911 1020 3920; x_wconf 81' lang='lat'><em>=</em></span> 
     </span>
     <span class='ocr_line' id='line_1_30' title="bbox 155 3986 905 4083; baseline 0 -25"><span class='ocrx_word' id='word_1_202' title='bbox 155 3993 200 4058; x_wconf 85' lang='lat' dir='ltr'>Et</span> <span class='ocrx_word' id='word_1_203' title='bbox 215 3987 298 4056; x_wconf 87' lang='lat' dir='ltr'>lletu</span> <span class='ocrx_word' id='word_1_204' title='bbox 316 3989 447 4082; x_wconf 88' lang='lat' dir='ltr'>signata</span> <span class='ocrx_word' id='word_1_205' title='bbox 464 4013 582 4083; x_wconf 87' lang='lat' dir='ltr'>genas,</span> <span class='ocrx_word' id='word_1_206' title='bbox 599 3986 747 4076; x_wconf 83' lang='lat' dir='ltr'>adcelsa</span> <span class='ocrx_word' id='word_1_207' title='bbox 765 3987 905 4059; x_wconf 85' lang='lat' dir='ltr'>verendi</span> 
     </span>
     <span class='ocr_line' id='line_1_31' title="bbox 156 4107 1016 4204; baseline 0.005 -28"><span class='ocrx_word' id='word_1_208' title='bbox 156 4107 232 4176; x_wconf 86' lang='lat' dir='ltr'>ibat</span> <span class='ocrx_word' id='word_1_209' title='bbox 250 4121 339 4176; x_wconf 83' lang='lat' dir='ltr'>tecta</span> <span class='ocrx_word' id='word_1_210' title='bbox 359 4108 483 4201; x_wconf 85' lang='lat' dir='ltr'>patris,</span> <span class='ocrx_word' id='word_1_211' title='bbox 502 4132 713 4204; x_wconf 82' lang='lat' dir='ltr'>parvumque</span> <span class='ocrx_word' id='word_1_212' title='bbox 730 4110 792 4178; x_wconf 88' lang='lat' dir='ltr'>sub</span> <span class='ocrx_word' id='word_1_213' title='bbox 814 4111 918 4180; x_wconf 87' lang='lat' dir='ltr'>ubere</span> <span class='ocrx_word' id='word_1_214' title='bbox 937 4135 1016 4180; x_wconf 85' lang='lat' dir='ltr'>caro</span> 
     </span>
    </p>
   </div>
   <div class='ocr_carea' id='block_1_3' title="bbox 189 4228 1055 4303">
    <p class='ocr_par' dir='ltr' id='par_1_3' title="bbox 189 4228 1055 4303">
     <span class='ocr_line' id='line_1_32' title="bbox 189 4228 1055 4303; baseline 0.006 -5"><span class='ocrx_word' id='word_1_215' title='bbox 189 4291 194 4298; x_wconf 93' lang='lat'>.</span> <span class='ocrx_word' id='word_1_216' title='bbox 303 4253 324 4296; x_wconf 86' lang='grc' dir='ltr'>ι.</span> <span class='ocrx_word' id='word_1_217' title='bbox 1012 4228 1055 4303; x_wconf 82' lang='lat'>16</span> 
     </span>
    </p>
   </div>
   <div class='ocr_carea' id='block_1_4' title="bbox 0 0 1634 5142">
    <p class='ocr_par' dir='ltr' id='par_1_4' title="bbox 0 0 1634 5142">
     <span class='ocr_line' id='line_1_33' title="bbox 0 0 1634 5142; baseline 0 0"><span class='ocrx_word' id='word_1_218' title='bbox 0 0 1634 5142; x_wconf 95' lang='lat' dir='ltr'> </span> 
     </span>
    </p>
   </div>
  </div>
 </body>
</html>
