3206 5136
157 449 193 513 (v.
204 437 273 516 ω.)
481 444 697 502 murrinos
717 444 827 502 amaa
849 444 885 500 v.
1176 451 1212 512 lt

156 579 339 671 Exsangue
356 571 606 667 imperium,·et
624 586 777 662 moestam
794 571 866 640 sine
882 567 1031 640 culmine
1050 571 1215 639 Lemnon.

207 726 225 762 a
236 699 310 765 Jam
327 693 434 788 magis
452 705 553 788 atque
570 693 676 788 magis
693 690 810 788 vigiles
828 689 926 760 dolor
944 713 1066 786 angere
1084 713 1217 778 sensus,

157 819 204 886 Et
221 815 364 912 gemitus
382 810 483 902 clari,
502 825 537 882 et
554 811 729 908 paullatim
748 813 856 881 invisa
874 809 1019 904 Polyxo,

158 940 233 1008 Jam
253 937 442 1008 meminisse
459 931 552 1004 nefas
572 958 581 1001 ε
597 933 669 1027 jam
688 957 815 1027 ponere
834 931 994 1001 Manibus
1013 955 1088 1000 aras

158 1061 381 1143 Concessum,
399 1071 432 1126 et
448 1051 592 1124 multum
608 1055 737 1124 cineres
752 1054 869 1148 jurare
885 1051 1054 1147 sepultos

160 1177 295 1268 Sicubi
311 1177 485 1246 ductorem
501 1174 641 1272 trepidae
658 1173 849 1269 stabulique
866 1174 1043 1262 maritum,

159 1301 272 1390 Quem
290 1321 392 1392 penes
410 1311 445 1366 et
463 1295 567 1366 saltus
584 1311 619 1366 et
635 1294 758 1366 adultae
776 1293 884 1391 gloria
904 1279 1030 1390 gentis,

159 1414 311 1512 Massylo
328 1416 439 1512 frangi
456 1430 615 1512 stupuere
635 1416 697 1488 sub
715 1415 813 1486 hoste
828 1415 999 1509 juvencae,
1040 1401 1043 1408 Δ

160 1540 195 1605 lt
209 1551 370 1610 truncum
386 1539 460 1608 sine
475 1536 605 1607 honore
622 1561 742 1632 pecus,
759 1561 943 1632 legemque
960 1550 1147 1632 peremtum
1179 1521 1183 1528 ¹

161 1663 241 1756 lpse
254 1681 350 1754 ager,
367 1659 431 1752 ipsi
449 1681 579 1745 amnes,
595 1671 629 1726 et
645 1670 739 1727 muta
755 1671 908 1725 armenta
923 1671 1120 1753 queruntur.

211 1781 328 1849 «Eece
347 1793 459 1848 autem
476 1791 578 1848 aerata
595 1774 774 1870 dispellens
791 1789 927 1870 equora
943 1801 1047 1870 prora
1098 1831 1100 1836 .

163 1897 273 1968 Pelias
291 1899 408 1968 intacti
426 1896 493 1968 late
511 1897 603 1967 subit
621 1897 754 1992 hospita
773 1900 870 1993 ponti

163 2021 268 2091 Pinus
289 2046 297 2088 :
318 2033 425 2115 agunt
439 2019 564 2112 Minyae
583 2044 593 2088 :
613 2019 765 2114 geminus
785 2018 900 2116 fragor
918 2019 1024 2090 ardua
1042 2035 1140 2090 canet

164 2144 230 2211 Per
247 2138 370 2229 latera;
388 2137 568 2234 abruptam
587 2139 704 2210 credas
723 2138 892 2210 radicibus
913 2142 961 2209 ire
1003 2181 1006 2188 ,

165 2260 361 2356 Ortygiam,
381 2275 441 2332 aut
459 2258 602 2331 fractum
620 2259 741 2356 pelago
759 2260 935 2331 decurrere
953 2275 1113 2332 montem.

166 2387 228 2455 Ast
245 2382 305 2454 ubi
322 2382 490 2481 suspensis
508 2380 673 2453 siluerunt
689 2406 824 2476 aequora
844 2367 968 2468 tonsis,
1044 2468 1048 2476 y

165 2506 284 2574 Mitior
301 2517 336 2574 et
353 2503 486 2572 senibus
504 2503 616 2598 cycnis
633 2516 667 2572 et
684 2505 816 2597 pectine
834 2504 952 2584 Phoebi

167 2627 245 2697 Vox
260 2623 370 2694 media
387 2622 430 2693 de
448 2647 561 2718 puppe
577 2625 686 2711 venit3
706 2628 812 2694 maria
830 2627 904 2720 ipsa
923 2629 1044 2698 carinae

168 2744 362 2834 Accedunt3
384 2757 460 2842 post
477 2769 575 2814 nosse
596 2743 712 2814 datum
732 2760 802 2816 est:
822 2749 993 2843 OEagrius
1011 2747 1079 2818 illic

169 2865 317 2936 declinis
334 2865 443 2954 malo,
462 2865 580 2935 mediis
599 2865 785 2936 intersonat
804 2867 962 2962 Orpheus

169 2987 348 3082 Remigiis,
365 3000 543 3080 tantosque
558 2986 655 3080 jubet
672 2987 799 3056 nescire
816 2984 958 3057 labores.

169 3104 239 3175 lllis
259 3108 294 3175 in
312 3107 505 3206 Scytbicum
525 3109 656 3176 Borean
675 3108 757 3196 iter,
777 3131 903 3201 oraque
921 3103 1069 3204 primum

170 3229 314 3320 Cyaneis
332 3241 460 3302 arctata
475 3225 570 3297 vadis
589 3250 597 3295 ε
616 3251 679 3298 nos
697 3228 842 3298 Thracia
860 3231 932 3298 visu

171 3345 263 3417 Bella
280 3361 379 3438 ratae,
398 3349 493 3417 vario
513 3362 600 3417 tecta
619 3349 790 3419 incursare
809 3349 973 3440 tumultu,

170 3471 364 3538 Densarum
382 3467 570 3562 pecudum,
589 3483 647 3539 aut
665 3469 853 3565 fugientum
873 3495 967 3540 more
984 3471 1170 3543 volucrum.

172 3593 248 3659 Heu
267 3589 326 3659 ubi
346 3613 436 3658 nunc
455 3587 572 3658 iuriae?
589 3606 707 3684 portus
716 3617 729 3678 ‚·
747 3589 963 3686 amplexaque
982 3590 1060 3662 litus

172 3711 318 3799 Moenia,
338 3733 405 3803 qua
424 3707 525 3805 longe
543 3708 662 3807 pelago
683 3699 857 3806 despectus
876 3727 1013 3806 aperto,

173 3834 392 3924 scandimus,
409 3851 444 3906 et
460 3833 563 3905 celsas
582 3850 691 3906 turres
712 3861 720 3904 :
739 3837 807 3907 huc
827 3861 925 3926 saxa,
943 3837 1125 3932 sudesque,

172 3961 343 4048 mutaque
362 3969 480 4026 moesta
497 3957 626 4042 virum,
645 3971 745 4050 atque
763 3956 904 4027 infectos
922 3957 1067 4028 caedibus
1085 3982 1181 4030 enses

174 4079 379 4148 Subvectant
396 4075 534 4172 trepida
551 4104 560 4144 ι
580 4079 662 4170 quin
682 4091 714 4146 et
733 4077 920 4172 squalentia
938 4095 1028 4150 texta
