3172 5142
168 476 208 538 (s.
221 480 290 543 ³⁸⁵.)
486 477 702 538 ruesmnos
724 483 834 538 nunu
854 483 901 536 v1.
1184 482 1222 556 ⁶9

167 601 350 696 Extemplo
368 604 516 672 Nemeen
534 603 684 672 radiante
698 629 758 698 per
774 604 897 674 athera
912 601 998 674 salt'u

119 805 125 814 1
169 723 279 790 Ocior
294 737 328 791 et
346 723 455 817 patrio
472 725 564 791 venit
581 726 656 818 igne
674 726 806 816 suisque
825 725 963 818 sagittis.

168 847 249 936 Ipse
265 842 345 911 olim
361 844 396 911 in
413 846 525 932 terris,
544 843 627 912 coelo
645 846 788 944 vestigia
802 844 945 932 durant,

169 961 341 1058 Claraque
360 990 420 1059 per
440 965 616 1060 Zephyros
628 967 811 1034 etiamnum
831 967 949 1034 semita
969 964 1068 1035 lucet.

222 1089 266 1155 Et
281 1086 353 1179 jam
374 1087 510 1155 sortitus
531 1085 697 1154 Prothous
718 1100 867 1153 versarat
886 1086 992 1154 ahena

169 1205 328 1292 Casside;
343 1205 480 1299 jamque
499 1204 589 1274 loeus
607 1208 728 1299 cuique
744 1220 811 1293 est,
825 1221 863 1298 et
879 1204 1002 1306 liminis
1020 1206 1112 1275 ordo.

169 1327 353 1393 Terrarum
370 1325 490 1394 decora
507 1323 620 1420 ampla
635 1327 718 1412 riri,
736 1325 859 1393 decora
876 1324 986 1420 ampla
999 1324 1147 1419 jugales,

170 1444 299 1512 Divum
318 1459 498 1538 utrumque
519 1447 642 1540 genus,
664 1460 755 1514 stant
771 1470 840 1514 uno
857 1446 1008 1540 margine
1026 1444 1147 1532 clausi;

170 1566 338 1658 Spesque,
358 1565 532 1658 audaxque
552 1581 765 1653 anamotus,
785 1581 817 1634 et
838 1565 960 1634 fiducia
977 1563 1115 1660 pallens.
1196 1599 1200 1606 ·

170 1682 229 1753 Nil
247 1683 351 1754 fixum
371 1685 464 1754 cordi
483 1712 490 1754 :
510 1701 662 1780 pugnant
679 1687 787 1774 exire,
804 1689 993 1779 paventque
1012 1711 1020 1751 :

171 1807 352 1874 Concurrit
371 1807 518 1874 summos
536 1806 723 1873 animosum
740 1805 845 1900 frigus
863 1807 897 1872 in
914 1820 1016 1873 artus.

171 1925 240 2012 Qui
259 1924 420 2014 dominis,
437 1925 526 1994 idem
546 1924 647 1995 ardor
663 1928 782 2019 equis:
804 1925 874 1994 sace
890 1924 1015 1993 lumina
1033 1943 1192 2019 surgunt,

171 2050 243 2114 Ora
256 2062 377 2115 sonant
391 2072 521 2134 morsu,
536 2047 742 2141 spumisque,
757 2059 790 2114 et
803 2045 964 2138 sanguine
978 2044 1103 2114 ferrum

172 2166 306 2254 Uritur,
324 2165 457 2260 impulsi
472 2181 642 2259 nequeunt
656 2165 816 2234 obsistere
833 2178 962 2257 postes,

171 2286 407 2381 Claustraque,
423 2311 616 2381 compressae
631 2285 831 2355 transfumat
846 2283 1011 2355 anhelitus
1027 2289 1093 2356 irae.

170 2410 265 2477 Stare
284 2409 367 2478 adeo
385 2411 541 2478 miserum
558 2406 622 2478 est!
642 2421 782 2502 pereunt
798 2409 939 2504 vestigia
955 2407 1046 2477 mille

173 2531 256 2598 Ante
270 2529 399 2624 fugam,
415 2530 653 2622 absentemque
667 2528 742 2596 ferit
758 2530 867 2622 gravis
883 2526 1008 2623 ungula
1023 2553 1188 2622 campum.

170 2649 398 2718 Circumstant
415 2649 492 2735 fidi,
509 2674 699 2741 nexusque,
717 2663 750 2716 et
767 2664 855 2717 tortu
870 2645 1029 2742 jubarum
1077 2649 1080 2654 ’
1101 2649 1104 2656 ’

169 2769 376 2862 Expediunt,
395 2769 596 2862 firmantque
612 2767 760 2856 animos,
779 2783 811 2837 et
829 2767 972 2862 plurima
989 2783 1187 2841 monstrant.

218 2890 372 2958 Insonuit
390 2905 506 2958 contra
523 2888 732 2984 Tyrrhenum
752 2914 919 2976 murmur,
938 2905 970 2958 et
988 2915 1104 2960 omnes

170 3006 341 3078 Exsiluere
355 3007 430 3078 loco
446 3035 453 3078 :
472 3035 545 3103 quse
560 3024 691 3078 tantum
708 2999 845 3078 carbasa
860 3009 987 3104 ponto?

170 3127 254 3214 Quae
269 3128 358 3197 bello
374 3131 421 3198 sic
439 3128 504 3230 tela
521 3128 656 3199 volant?
673 3154 747 3222 quae
764 3127 880 3197 nubila
896 3128 999 3197 coelo?

170 3249 331 3317 Amnibus
346 3249 501 3344 hybernis
515 3253 626 3319 minor
640 3264 705 3337 est,
721 3251 831 3318 minor
845 3252 989 3342 im'petus
1004 3251 1072 3344 igni
1089 3276 1097 3316 :

170 3368 311 3438 Tardius
325 3383 413 3439 astra
427 3370 551 3440 cadunt
566 3397 574 3438 ε
590 3368 819 3464 glomerantur
834 3361 960 3438 tardius
975 3369 1095 3437 imbres
1111 3394 1119 3435 t

169 3487 309 3558 Tardius
323 3515 341 3558 e
356 3515 486 3560 summo
500 3491 683 3561 decurrunt
697 3490 835 3558 flumina
845 3479 972 3557 monte.

216 3613 361 3680 Emissos
375 3610 501 3698 videre,
517 3625 617 3705 atque
631 3635 796 3706 agnovere
810 3609 949 3704 Pelasgi.

170 3735 212 3798 Et
224 3731 292 3823 jam
308 3733 395 3826 rapti
412 3731 533 3817 oculis,
548 3732 618 3824 jam
635 3755 722 3800 caeco
739 3729 875 3824 pulvere
893 3731 987 3796 mixti

171 3851 246 3919 Una
261 3853 295 3919 iu
314 3853 404 3921 nube
420 3851 539 3940 latent,
558 3850 736 3945 vultusque
754 3850 931 3920 umbrante
947 3847 1109 3938 tumultu,

170 3973 233 4039 Vix
249 3973 336 4040 inter
352 3997 422 4042 sese
438 3972 583 4042 clamore
600 3988 635 4040 et
653 3974 789 4042 nomine
808 3983 958 4038 noscunt.
1021 4055 1025 4061 Ι

170 4091 327 4161 Evolvere
346 4092 498 4188 globum,
518 4109 553 4162 et
570 4095 677 4187 spatio
695 4117 762 4185 quo
780 4091 919 4184 quisque
936 4087 1067 4158 valebat
