3206 5136
399 522 442 578 IN
463 523 494 578 P.
516 523 546 578 P.
568 521 696 578 srn‘ru
717 520 825 578 ΤΗΕΒ.
847 522 918 579 LlB.
942 527 993 582 111.
1168 528 1224 586 305

154 644 271 719 *optimi
290 627 335 702 aui
352 641 508 699 lectionem
512 640 620 712 sternit
640 637 678 716 (ο.ι
698 640 752 714 gt,-
771 639 842 695 alios
860 642 955 717 legere
969 640 1074 722 sut-it);
1096 655 1124 699 et
1149 645 1189 702 sic
1208 667 1224 702 u

166 740 258 813 Regg.
272 778 281 809 ,
295 736 380 811 prior
395 753 412 812 a
426 750 482 790 sec.
495 751 534 788 m.

209 829 305 886 Multa
324 846 414 903 super
432 826 508 884 bello
527 825 694 900 generisque
719 839 738 881 t.
759 845 859 884 omens
879 826 918 907 (ν’.
941 827 1019 906 443).
1042 830 1110 886 Hae
1131 831 1226 905 neque

165 922 242 978 bene
258 919 326 978 satis
339 920 491 988 dicuntur,
505 935 601 991 neque
615 935 682 972 eum
694 931 791 976 mente
805 920 921 978 Adrasti
940 922 1073 996 superius
1093 940 1226 997 expressa

165 1013 352 1070 conveniunt.
380 1011 439 1068 Sed
458 1010 490 1065 in
516 1021 576 1083 opt.
600 1009 797 1068 eod.'Barthii
819 1031 836 1070 a
857 1015 950 1088 prima
968 1032 1057 1071 manu
1078 1015 1227 1090 legebatur

165 1125 277 1176 oerens,
300 1125 325 1162 e.
348 1106 424 1180 expl.
440 1103 628 1179 «cogitans»,
641 1102 660 1160 i.
681 1106 857 1175 chorreus,
879 1108 961 1183 quod
982 1107 1089 1163 rectius
1107 1125 1140 1164 ac
1159 1108 1226 1165 fort.

164 1218 276 1256 vertrm.
297 1199 433 1274 Optimus
449 1196 591 1254 Gronovii
611 1197 744 1268 2‘anJ'ens
752 1238 762 1266 ,
780 1195 858 1257 unde
872 1200 996 1273 conjecit
1009 1220 1120 1276 angens
1133 1221 1171 1258 sc.
1187 1221 1224 1258 sc.
1260 1249 1262 1254 .

164 1291 280 1350 Deinde
292 1311 320 1348 v.
336 1290 394 1360 445
403 1287 573 1348 Wakefield.
582 1289 619 1346 ad
633 1290 765 1362 Lueret.‚
780 1285 1143 1367 111‚881,memibus'pro
1156 1313 1225 1371 gen·

164 1385 251 1440 tubus.
274 1415 305 1426 -
318 1387 414 1440 Versu
433 1382 490 1451 448
496 1381 583 1456 flecti
596 1393 638 1438 est
651 1399 707 1456 pro
721 1382 850 1457 deflecti,
866 1395 895 1442 et
909 1406 937 1442 v.
954 1384 1011 1453 454
1031 1403 1067 1442 ex
1088 1387 1223 1460 sequenti

165 1478 278 1553 largius
295 1475 491 1552 supplendum
505 1476 599 1550 magii*
611 1475 649 1532 ad
662 1476 752 1532 verba
766 1479 927 1534 euidenter
942 1481 1061 1554 Apollo.

155 1607 159 1611 -
206 1570 382 1644 Aphesanta
400 1566 439 1647 [v.
455 1565 533 1646 46ι).
548 1569 657 1624 astons
670 1578 713 1624 est
726 1571 818 1626 Tarso
836 1570 957 1640 Cilicia,
972 1571 1050 1627 unde
1064 1591 1094 1629 se
1107 1574 1227 1630 Perseus

164 1662 297 1719 emiserat
310 1661 531 1732 advolantium,
545 1679 638 1734 quum
648 1661 685 1716 ad
699 1660 921 1736 extinguendam
935 1666 1102 1740 Gorgonem
1115 1665 1226 1741 Libyen

162 1765 294 1830 peteret;
310 1764 418 1816 ἀπὸτοῦ
433 1763 530 1832 ἀφιέναι
544 1753 711 1826 Aphesanta
724 1772 831 1811 nomen
846 1755 964 1830 aceepit
981 1781 994 1808 a
1009 1758 1114 1828 Leon,
1129 1775 1145 1813 e
1159 1756 1224 1815 cod.

164 1847 253 1904 Paris.
267 1847 379 1904 emend.
394 1846 478 1903 node
490 1863 556 1902 eum
571 1844 643 1901 adv.
652 1844 720 1902 633.
736 1847 936 1904 Memorabilia
950 1849 1009 1904 bae
1024 1849 1062 1905 ob
1076 1847 1225 1906 historiam

162 1939 328 1998 fabularum
337 1939 375 1996 de
392 1941 497 1996 Perseo
506 1957 521 1994 .:
534 1957 598 2012 quae
607 1955 699 2012 quum
715 1935 921 2014 antiquissimis
934 1941 1116 2015 temporibus
1128 1942 1237 2000 sedernx

163 2034 305 2090 haberent
316 2033 387 2090 eitra
400 2031 497 2088 Asiam
508 2031 669 2102 Minorem,
683 2029 791 2088 'sensim
813 2043 931 2089 remote
949 2046 1017 2090 sunt
1034 2034 1065 2090 in
1076 2035 1225 2092 Orientem

164 2145 260 2202 usque
274 2125 312 2184 ad
325 2128 424 2182 Persas
437 2117 554 2181 ultimo's
568 2144 575 2180 :
595 2143 633 2181 ex
649 2125 703 2180 hae
719 2123 809 2202 igitur
822 2143 903 2200 pane
919 2125 1042 2183 dixerim
1059 2129 1226 2204 mythorum

163 2218 397 2295 peregrinatione
415 2216 582 2286 Lactantius
596 2234 660 2272 eam
677 2216 804 2272 tabulam
825 2217 965 2289 servavit,
985 2237 1073 2293 quam
1091 2237 1138 2275 me
1158 2219 1227 2277 alibi

163 2314 260 2390 legere
275 2331 336 2368 uon
349 2309 475 2367 memini.
496 2312 607 2367 Verum
621 2320 743 2384 apparet
758 2309 863 2365 Ciliciae
875 2309 1023 2385 regionem
1035 2313 1065 2368 h.
1075 2313 1095 2368 1.
1109 2325 1226 2388 apoetc

165 2403 319 2462 memorari
328 2422 389 2460 non
402 2402 531 2476 potuisse
548 2421 555 2458 ε
573 2401 662 2457 immo
682 2400 852 2476 intelligitur
865 2401 968 2472 Ᾰπίσας
981 2411 1032 2482 ὅρος
1049 2419 1093 2474 τῆς
1105 2415 1221 2485 Νεμέας,

163 2509 199 2554 ut
211 2498 251 2554 ait
273 2499 372 2572 Steph.
395 2499 489 2573 Byu.,‘
501 2515 588 2571 quem
601 2494 668 2552 vide
683 2513 750 2552 eum
763 2504 837 2551 nott.
859 2495 985 2570 interpp.
1007 2506 1036 2552 et
1053 2516 1128 2573 quos
1142 2499 1225 2556 addit

164 2589 287 2648 Siebelis
300 2589 339 2648 ad
355 2593 492 2660 Pausan,
505 2589 564 2645 vol.
578 2608 606 2659 r,
619 2605 650 2663 p.
668 2589 733 2664 198.

205 2684 352 2740 Nr‘lr'rrcum
369 2701 461 2759 pecus
479 2680 518 2762 (v.
534 2679 613 2762 478).
629 2681 730 2756 «Apin
745 2681 828 2753 dicit,
851 2693 967 2738 taurum
980 2685 1111 2739 lunatum
1130 2684 1225 2758 nidis,

163 2776 217 2852 qui
230 2775 374 2853 AEgyptiis
395 2785 479 2832 motu
493 2773 626 2849 eorporis
640 2773 685 2830 sui
704 2785 733 2830 et
747 2773 921 2849 quibusdam
934 2774 1022 2852 signis
1035 2776 1133 2832 futura
1145 2793 1220 2850 pra-

163 2869 267 2927 dicit.»
285 2871 376 2927 Lecr.
398 2868 486 2940 Plin,
512 2871 550 2924 Η.
571 2869 609 2924 N.
615 2907 625 2936 ,
644 2887 718 2938 vru,
742 2869 779 2936 46
802 2887 809 2921 :
834 2869 1006 2942 «Responsa
1023 2867 1114 2943 privis
1135 2869 1186 2925 dat
1208 2875 1235 2925 e'

163 2982 253 3020 manu
268 2961 480 3020 consulentium
500 2960 600 3017 cibum
620 2960 770 3036 capiendo.
790 2959 955 3016 Germanici
974 2960 1090 3018 casaris
1106 2979 1224 3018 manum

162 3067 310 3113 aversatus
319 3067 361 3112 est
368 3065 382 3126 ,¹
390 3054 470 3112 haud
483 3055 576 3110 multo
589 3065 691 3129 postea
705 3053 846 3110 exstincti.
857 3076 869 3102 u
879 3083 920 3096 -
930 3053 1087 3128 Poteritque
1100 3055 1224 3129 aequalis

163 3150 284 3206 horrori
297 3147 479 3206 Praelerenda
504 3167 570 3204 cum
592 3149 684 3204 Grou.
707 3146 795 3202 lectio
815 3142 958 3202 Laetantii
984 3145 1023 3201 ad
1036 3163 1114 3216 πη,
1142 3148 1198 3220 198
1215 3167 1222 3202 ε
1252 3139 1255 3146 ’

164 3268 177 3292 a
192 3253 330 3317 aquatus.
340 3265 354 3292 ι
368 3240 415 3310 Sic
430 3239 506 3297 enim
524 3240 566 3296 ibi
579 3239 745 3297 scholiastes
762 3259 770 3294 r
791 3238 963 3295 «Branchus
976 3237 1117 3311 Apollinis
1131 3247 1174 3294 est
1187 3237 1224 3296 fi-

162 3337 232 3407 lins,
246 3347 276 3393 et
292 3335 354 3410 ipse
371 3334 536 3390 futurorum
555 3331 743 3408 peritissimus
762 3331 843 3388 deus.
863 3332 905 3388 Ut
922 3329 984 3404 ipse
999 3329 1091 3388 alibi:
1106 3332 1224 3388 Pumb-

163 3449 220 3503 que
238 3439 369 3503 aequatus
389 3427 492 3482 honori
507 3425 668 3481 Branchus
684 3449 697 3476 »
713 3423 828 3482 Deinde
847 3421 1065 3480 memorabilem
1083 3419 1224 3480 Varronis

158 3520 281 3594 subjicit
295 3521 407 3592 locum,
420 3537 482 3576 uon
493 3519 590 3576 verbis
603 3518 722 3594 quidem
738 3517 843 3591 ipsius,
857 3516 909 3573 sed
923 3516 1010 3573 rebus
1023 3525 1121 3572 tamen
1136 3535 1172 3573 ex
1187 3537 1223 3574 eo

164 3613 269 3672 relatis.
296 3614 394 3684 Quem
414 3611 640 3670 emendatiorem
663 3631 679 3668 e
702 3611 768 3668 cod.
790 3610 877 3667 Paris.
897 3619 1086 3684 prestamus:
1102 3634 1115 3661 α
1127 3611 1221 3668 Verro

164 3709 270 3762 liemm
282 3705 441 3761 divinarum
461 3703 499 3761 de
517 3704 650 3761 Brancho
664 3704 704 3761 sic
722 3703 810 3762 refert
828 3723 835 3758 ι
854 3703 927 3758 Olus
941 3701 1076 3778 qtridam,
1094 3702 1222 3760 decimus

165 3799 202 3856 ab
215 3798 363 3874 Apolline,
376 3816 467 3873 quum
481 3799 512 3856 in
523 3797 755 3876 peregrinatione
764 3795 921 3871 pranderet
934 3795 966 3852 in
974 3795 1060 3852 litore
1069 3813 1102 3852 ac
1115 3795 1223 3854 deinde

163 3891 404 3968 proficisceretur,
420 3891 526 3948 oblitus
546 3901 588 3948 est
606 3889 699 3948 filium
716 3889 835 3947 nomine
854 3888 1006 3946 Simerum.
1021 3889 1074 3944 Ille
1087 3889 1222 3962 pervenit

163 3985 195 4040 in
217 3986 320 4042 saltum
335 3984 467 4041 Petronis
482 3984 644 4057 cujusdam,
658 3995 687 4041 et
700 4001 792 4059 quum
801 3993 874 4040 esset
886 3971 1037 4057 receptus,
1054 3980 1142 4056 coepit
1156 4001 1222 4038 eum

163 4078 223 4136 suis
239 4077 338 4153 pueris
360 4095 461 4152 capras
477 4095 603 4153 pascere.
617 4077 783 4152 Aliquando
797 4075 1016 4152 prehenderunt
1032 4093 1170 4151 cygnum,
1194 4086 1222 4132 et

164 4167 246 4225 illum
259 4179 338 4227 veste
356 4181 578 4245 cooperuerunt.
594 4171 630 4228 Et
648 4170 724 4244 ianr,
741 4169 813 4226 dum
830 4169 886 4244 ipsi
898 4177 1044 4245 pugnam,
1058 4175 1124 4222 utet·
1141 4166 1221 4222 illum

314 4293 338 4337 1.
1057 4291 1101 4338 20
1145 4331 1147 4336 .
