3156 5138
423 558 457 605 ba
775 551 804 604 P.
829 549 953 604 PUBLll
975 547 1097 602 STATll

427 667 1459 700 ulussnmmssmmssmmmmfflwfflss

758 969 761 978 ’
872 975 977 1080 ⁶111.

600 1307 830 1376 taCRYMAE
856 1304 1044 1375 CLAUDII
1069 1304 1271 1373 ETRUSCI.

880 1618 1009 1634 ..-o-.-

476 1873 610 1940 Sonus
624 1871 735 1937 Deum
752 1867 877 1950 Pietas,
889 1868 984 1960 cujus
1001 1868 1189 1961 gratissima
1207 1865 1291 1936 coelo

429 1995 516 2062 Rara
534 1987 724 2082 profanatas
742 1988 930 2080 inspectant
947 1971 1085 2056 numina
1104 2001 1228 2072 terras,

428 2113 503 2178 Huc
519 2109 639 2177 vittata
656 2131 786 2177 comam
805 2108 968 2201 niveoque
986 2108 1124 2202 insignis
1141 2107 1280 2191 amictu,

429 2226 549 2314 Qualis
564 2226 673 2296 adbuc
689 2251 833 2321 praesens
851 2225 1010 2321 nullaque
1025 2224 1162 2320 expulsa
1177 2207 1358 2295 bocentutn

429 2347 574 2435 Fraude,
589 2347 687 2417 rudes
707 2345 849 2442 populos
867 2363 967 2442 atque
988 2371 1087 2417 aurea
1104 2369 1205 2442 regna
1219 2345 1370 2433 colebas,

430 2469 570 2537 Mitibus
590 2468 753 2562 exsequiis
771 2467 868 2554 ades3
886 2482 920 2537 et
940 2466 1085 2562 lugentis
1101 2468 1235 2537 Etrusci

430 2591 540 2657 Cerne
552 2590 625 2681 pios
645 2588 756 2676 fletus,
771 2585 970 2682 laudataque
983 2585 1111 2657 lumina
1131 2601 1232 2682 terge.

479 2710 567 2778 Nam
581 2710 655 2801 quis
670 2705 838 2804 inexpleto
857 2687 1067 2802 rumpentem
1086 2723 1222 2802 pectora
1235 2724 1372 2803 questu,

433 2827 718 2924 Complexumque
738 2853 856 2924 rogos,
877 2828 1191 2923 incumbentemque
1208 2826 1328 2897 favillis

433 2949 620 3043 Aspiciens,
637 2973 706 3020 non
722 2964 781 3019 aut
797 2950 962 3043 primaevae
983 2948 1100 3018 funera
1117 2946 1231 3043 plangi

434 3069 611 3163 Conjugis,
632 3081 690 3136 aut
709 3070 780 3138 nati
798 3069 898 3138 modo
914 3069 1129 3162 pubescentia
1149 3068 1264 3137 credat

434 3191 505 3257 Ora
526 3189 599 3282 rapi
616 3185 776 3257 flammis?
793 3191 891 3257 Pater
907 3204 972 3276 est,
990 3188 1047 3282 qui
1068 3187 1168 3257 fletur
1186 3214 1194 3256 :
1215 3187 1340 3277 adeste,

435 3305 540 3396 quue
553 3304 773 3396 hominesque,
784 3309 877 3372 sacris
887 3332 894 3368 :
906 3305 1015 3394 procul
1027 3305 1117 3390 binc,
1127 3305 1236 3395 procul
1245 3309 1300 3392 ite,
1310 3325 1466 3382 nocentem

434 3419 469 3488 Si
484 3421 538 3488 cui
555 3417 654 3488 corde
667 3417 758 3487 nefas
774 3419 932 3504 tacitum,
949 3419 1091 3514 fessique
1109 3433 1260 3489 senectus

329 3593 330 3598 1
434 3541 550 3634 Longa
570 3539 693 3634 patris3
713 3540 740 3608 si
757 3540 831 3633 quis
847 3536 984 3633 pulsatae
1002 3539 1156 3609 conscius
1174 3539 1328 3610 umbram

435 3659 574 3747 Matris,
586 3675 620 3729 et
635 3659 765 3729 inferna
781 3658 928 3754 rigidum
944 3661 1038 3730 timet
1055 3662 1179 3730 AEacon
1199 3686 1305 3732 urna:

435 3781 603 3866 Insontes,
620 3794 793 3873 castosque
809 3803 904 3849 voco.
920 3781 1028 3848 Tenet
1043 3804 1119 3850 ecce
1136 3778 1254 3850 seniles

435 3901 570 3968 Leniter
587 3898 762 3994 applicitos
780 3897 911 3988 vultus,
928 3915 1142 3994 sanctamque
1156 3903 1304 3996 parentis

436 4021 601 4089 Canitiem
615 4019 741 4114 spargit
758 4017 926 4114 lacrymis,
945 4021 1128 4114 animaeque
1142 4045 1337 4114 supremum

436 4139 554 4232 Frigus
569 4154 684 4209 amat:
708 4136 830 4208 celeres
848 4141 1007 4233 genitoris
1028 4139 1117 4208 filius
1136 4166 1256 4228 annos,
