3094 5140
405 473 460 541 :aa
705 475 921 532 autumnos
941 471 1054 544 nasa
1077 475 1131 530 [X.
1343 471 1453 533 (ῖιθὸἱ)

398 603 558 689 Tartara,
577 614 610 668 et
627 603 663 670 iu
680 620 804 673 memet
822 627 935 676 versos
956 599 1155 672 descendere
1174 598 1286 669 vultus
1305 625 1314 667 ε

398 723 470 794 Nec
486 725 579 793 tenui
600 749 736 810 currus,
754 739 919 818 terraeque
937 725 1087 820 abrupta:
1098 725 1208 818 coegi,

400 845 514 914 Saevus
531 869 609 939 ego,
628 847 881 940 immeritamque
895 844 971 916 coli.
990 847 1159 940 Lugentia
1175 846 1282 914 cernis

397 968 523 1055 Antra,
540 993 648 1055 soror,
665 983 842 1062 mutasque
860 967 979 1038 domos
996 994 1005 1036 :
1023 968 1100 1037 haec·
1113 966 1184 1036 sola
1201 964 1357 1060 rependo

397 1091 498 1159 Dona
515 1092 573 1183 pio
590 1067 705 1162 comiti
723 1117 731 1160 :
751 1116 813 1161 nec
828 1107 866 1160 tu
884 1091 1036 1185 peritura
1054 1113 1192 1158 movere
1267 1145 1271 1150 .

397 1210 549 1299 Auxilia,
565 1227 599 1281 et
619 1227 754 1282 moestos
771 1214 807 1282 in
825 1237 951 1282 vanum
969 1235 1072 1306 perge
1089 1209 1230 1279 labores.

397 1332 489 1402 Finis
507 1332 602 1402 adest
617 1334 758 1425 juveni:
777 1359 847 1402 non
866 1335 931 1403 hoc
951 1331 1114 1401 mutabile
1133 1331 1257 1412 fatum

397 1455 469 1523 Neo
488 1470 521 1523 te
540 1480 632 1525 nuno
648 1454 760 1526 dubiis
777 1455 927 1526 fraterna
946 1451 1085 1524 oracula
1103 1451 1234 1521 fallunt
1250 1481 1267 1515 o

446 1580 520 1644 «At
540 1575 641 1646 decus
658 1592 845 1647 extremum
864 1577 1004 1664 misero,
1023 1573 1162 1644 confusa
1181 1573 1331 1640 vicissim

396 1698 505 1791 Virgo
523 1696 646 1784 refert,
665 1696 825 1792 duraeque
843 1696 921 1766 licet
938 1693 1057 1765 solatia
1075 1696 1177 1763 morti

398 1819 586 1906 Quaerere:
605 1843 666 1887 nec
685 1817 792 1912 fugiet
810 1842 941 1912 paenas,
962 1819 1155 1911 quicunque
1172 1815 1355 1884 nefandam

396 1940 544 2008 Insontis
565 1939 660 2033 pueri
681 1937 852 2008 scelerarit
870 1940 1033 2035 sanguine
1053 1937 1204 2006 dextram

398 2060 527 2154 Impius
546 2085 553 2126 :
571 2074 605 2128 et
624 2062 748 2128 nostris
767 2059 815 2128 fas
835 2061 879 2130 sit
896 2062 1013 2130 saevire
1032 2061 1206 2156 sagittis.»

448 2183 503 2251 Sic
519 2180 621 2252 effata
637 2197 751 2254 movet
768 2207 920 2277 gressus,
932 2181 1142 2275 libandaque
1162 2182 1258 2250 fratri

397 2305 535 2374 Parcius
550 2330 610 2375 ora
632 2303 725 2392 tulit,
743 2305 942 2398 Thebasque
960 2304 1083 2374 infesta
1104 2307 1231 2398 petivit.

446 2428 492 2495 At
509 2452 623 2522 pugna
642 2428 766 2522 ereptis
784 2427 894 2520 major
912 2426 1078 2496 crudescit
1097 2429 1269 2520 utrimque

398 2549 567 2642 Regibus,
588 2547 802 2642 alternosque
816 2543 886 2617 'ciet
904 2548 1052 2617 vindicta
1074 2548 1216 2618 furores.

398 2673 549 2766 Hypseos
566 2670 646 2739 hinc
667 2685 802 2759 turmae,
828 2669 1083 2763 desolatumque
1100 2673 1262 2766 magistro

398 2797 549 2886 Agmen,
569 2806 604 2859 at
620 2791 700 2860 hinc
721 2792 857 2885 gravius
873 2791 990 2861 fremit
1007 2791 1293 2888 Hippomedontis
1311 2792 1432 2862 ademti

398 2911 491 2982 Orba
512 2912 633 2981 cohors
650 2936 658 2979 :
675 2911 823 3005 praebent
843 2911 958 2981 obnixi
978 2927 1116 3006 pectora
1138 2912 1252 2981 ferro:

398 3033 491 3102 Idem
511 3030 614 3101 ardor
631 3031 757 3101 rabidis
775 3047 954 3102 externum
972 3033 1109 3102 haurire
1126 3057 1300 3123 cruorem,

399 3160 448 3225 Ac
468 3153 594 3223 fudisse
611 3179 709 3224 suurn
728 3180 736 3222 :
755 3180 817 3223 nec
834 3179 871 3224 se
884 3156 1026 3251 vestigia
1043 3171 1185 3225 mutant.

399 3280 474 3346 Stat
491 3263 600 3345 cuneo
618 3271 727 3346 defixa
746 3277 849 3364 acies,
869 3277 1027 3370 hostique
1044 3293 1185 3347 cruento

398 3399 491 3468 Dant
504 3398 653 3485 animas,
674 3411 708 3466 et
725 3413 817 3492 terga
831 3414 957 3493 negant
974 3425 981 3467 :
998 3423 1105 3492 quum
1120 3397 1213 3493 lapsa
1230 3423 1291 3494 per
1311 3425 1410 3470 narras

401 3521 538 3588 Vertice
553 3519 675 3589 Dircaei
694 3517 792 3586 velox
810 3519 955 3587 Latonia
972 3521 1096 3588 montis
1127 3603 1130 3610 ⁴

401 3639 566 3709 Adstitit:
585 3655 774 3734 agnoscunt
788 3638 911 3724 colles,
930 3654 1115 3733 notamque
1133 3643 1294 3712 tremiscit

401 3760 494 3832 Silva
511 3765 639 3848 Deam,
660 3762 754 3830 saevis
773 3761 830 3829 uhi
846 3760 1019 3854 quondam
1034 3775 1148 3830 exerta
1168 3763 1297 3858 sagittis

401 3884 607 3954 Foecundam
625 3882 713 3952 lasso
729 3883 865 3954 Nioben
884 3898 1114 3952 consumserat
1133 3908 1225 3953 arcu.

451 4003 553 4074 Illum
572 4005 658 4074 aoies
676 4004 772 4073 inter
784 4003 928 4088 medias,
943 4004 1015 4096 jam
1036 4001 1126 4072 caede
1147 4005 1350 4098 superbum,

403 4128 544 4198 Nescius
562 4149 749 4212 armorum,
767 4141 800 4193 et
814 4126 940 4219 primas
956 4140 1038 4194 tunc
1055 4148 1174 4220 passus
1189 4126 1338 4196 habenas
