3206 5136
439 471 456 508 a
758 455 972 511 unanimos
994 455 1104 510 amaa
1126 455 1174 510 Ν.
1389 449 1482 510 (Mt-'1

486 581 539 649 Sic
558 579 616 648 ubi
635 579 721 649 forte
740 582 818 650 viris
837 580 975 675 longum
995 605 1094 674 super
1115 603 1229 673 aequor
1245 577 1359 659 ituris,

436 704 552 792 Quum
566 699 638 792 jam
654 699 697 770 ad
713 700 784 769 vela
804 703 903 788 Noti,
923 715 956 770 et
971 702 1072 770 scisso
1091 699 1177 770 redit
1195 721 1318 768 ancora
1336 693 1457 778 fundo,

437 827 548 890 Haeret
565 821 670 888 amica
688 844 830 889 manus:
847 835 979 888 certant
996 821 1167 888 innectere
1185 814 1272 886 collo

437 941 598 1024 Brachia;
614 956 857 1034 manantesque
873 939 988 1009 oculos
1026 940 1104 1008 hinc
1120 937 1233 1008 oscula
1254 936 1412 1023 turbant,

435 1061 523 1128 Hinc
538 1062 652 1156 magni
672 1059 779 1153 caligo
796 1061 913 1147 maris;
933 1059 1137 1152 tandemque
1152 1056 1260 1126 relicti

436 1183 534 1248 Stant
554 1182 588 1248 in
605 1203 690 1273 rupe
707 1194 818 1248 tamen
834 1205 841 1246 :
857 1178 1019 1272 fugientia
1036 1180 1172 1248 carbasa
1186 1181 1259 1248 visu

434 1298 542 1370 Dulce
559 1303 669 1393 sequi,
687 1301 878 1393 patriosque
896 1297 1013 1368 dolent
1029 1301 1238 1369 crebrescere
1259 1313 1392 1384 ventos;

435 1424 533 1489 Stant
549 1436 680 1504 tamen,
701 1434 733 1488 et
752 1433 867 1488 notam
886 1443 1035 1514 puppem
1052 1419 1094 1488 de
1110 1443 1194 1514 rupe
1211 1417 1370 1488 salutant.

482 1541 582 1610 Nunc
602 1541 701 1626 mihi,
720 1539 810 1608 sama
829 1539 933 1634 prior,
953 1539 1139 1631 mundique
1156 1563 1280 1608 arcana
1298 1552 1462 1626 vetusta,

435 1661 500 1729 Cui
522 1660 713 1728 meminisse
734 1658 874 1744 ducum,
894 1660 1046 1751 vitasque
1067 1658 1246 1728 extendere
1261 1683 1365 1745 curae,

432 1780 548 1848 Pande
564 1779 676 1848 viros:
693 1794 799 1872 tuque
816 1805 839 1848 o
857 1779 1003 1848 nemoris
1022 1782 1137 1874 regina
1154 1782 1285 1865 sonori,

428 1898 597 1994 Calliope,
615 1924 697 1993 quas
714 1897 771 1967 ille
789 1924 925 1987 manus,
944 1924 1018 1993 quae
1036 1901 1180 1968 moverit
1200 1923 1293 1968 arma

380 2079 382 2086 ,
432 2019 617 2107 Gradivus,
636 2035 778 2112 quantas
794 2019 929 2113 populis
945 2019 1102 2088 solaverit
1118 2022 1236 2104 urbes,

431 2139 571 2210 Sublata
588 2140 708 2210 molire
724 2139 795 2236 lyra
812 2167 820 2208 :
837 2165 898 2210 nec
916 2143 1007 2209 enirn
1024 2140 1124 2213 altior
1142 2143 1200 2212 ulli

430 2264 528 2331 Mens
548 2262 669 2330 hausto
686 2260 728 2330 de
745 2259 839 2329 l'onte
860 2263 961 2329 venit.
978 2264 1052 2330 Rex
1067 2263 1188 2350 tristis,
1205 2279 1239 2333 et
1255 2289 1344 2360 aeger

431 2381 584 2452 Pondere
600 2406 773 2469 curarum,
792 2383 998 2477 propiorque
1015 2382 1217 2454 abeuntibus
1234 2385 1347 2473 annis,

429 2504 523 2572 Inter
542 2501 759 2572 adhortantes
780 2503 833 2570 vix
853 2516 975 2596 sponte
995 2502 1119 2572 incedit
1138 2505 1318 2594 Adrastus,

429 2615 618 2695 Contentus
633 2623 724 2693 ferro
742 2623 832 2719 cingi
850 2621 939 2693 latus
954 2649 962 2692 :
977 2647 1071 2694 arma
1091 2626 1231 2725 manipli

428 2746 521 2812 Pone
538 2743 653 2813 ferunt
668 2770 677 2812 z
692 2743 847 2814 volucres
862 2747 969 2840 portis
986 2747 1103 2840 auriga
1119 2748 1181 2816 suh
1198 2748 1278 2841 ipsis

430 2865 542 2937 Comit
562 2889 682 2960 equos,
700 2867 817 2959 etjam
839 2865 919 2935 inde
934 2866 1019 2962 jugo
1036 2865 1184 2938 luctatur
1202 2869 1319 2938 Arion.

476 2989 564 3056 Huic
579 2999 687 3056 armat
707 2989 840 3055 Larissa
860 2987 967 3072 viros,
985 2988 1065 3056 huic
1080 2986 1169 3058 celsa
1186 2991 1387 3084 Prosymna,

427 3110 547 3203 Aptior
562 3109 723 3177 armentis
743 3106 874 3189 Midea,
891 3131 1119 3202 pecorosaque
1140 3108 1295 3203 Phyllos,

427 3231 580 3324 Quaeque
599 3244 698 3323 pavet
718 3227 819 3323 longa
835 3243 1047 3323 spumantem
1067 3229 1154 3298 valle
1172 3230 1370 3301 Charadron

428 3352 542 3439 Neris,
557 3365 592 3420 et
611 3351 741 3445 ingenti
758 3350 888 3418 turritae
908 3348 997 3419 mole
1010 3347 1165 3439 Cleonae,

427 3473 471 3541 Et
487 3470 782 3540 Lacedaemonium
799 3470 913 3564 Thyre
933 3469 1060 3540 lectura
1079 3495 1245 3541 cruorem.

428 3595 448 3659 J
451 3606 626 3686 unguntur
643 3614 810 3660 memores
828 3591 1016 3660 transmissi
1035 3591 1077 3660 ab
1098 3593 1230 3688 origine
1244 3595 1350 3689 regis,

428 3713 499 3801 Qui
516 3712 667 3804 Drepani
684 3708 860 3806 scopulos,
881 3724 914 3780 et
931 3710 1090 3782 olivilerae
1108 3713 1259 3807 Sicyonis

428 3830 531 3903 Culta
550 3845 688 3918 serunt,
709 3856 796 3925 quos
817 3833 912 3928 pigra
927 3831 1014 3900 vado
1030 3835 1159 3928 Langia
1173 3835 1299 3904 tacenti

428 3950 579 4035 Lamhit‚
596 3964 629 4020 et
646 3950 800 4020 anfractu
817 3953 968 4046 riparum
986 3953 1146 4021 incurvus
1163 3953 1298 4024 Elissos.

430 4077 546 4144 Saevus
563 4073 672 4141 honos
688 4071 792 4141 lluvio
809 4097 818 4140 ε
836 4075 968 4167 Stygias
983 4071 1126 4142 lustrare
1143 4052 1267 4144 severis
