3094 5140
393 446 456 520 162¹
700 453 917 514 musalms
937 454 1048 510 mua
1071 453 1123 510 lx.
1326 453 1360 518 (τι
1377 455 1447 517 595.)

389 590 461 658 Ora
479 584 609 673 ferens,
626 581 733 654 multo
753 582 956 678 proscissam
975 577 1116 650 vulnere
1129 581 1237 650 cernit

389 697 590 801 Deposuisse
607 727 756 791 comam,
776 719 811 774 et
829 717 984 773 ror-anter
1001 701 1167 796 sanguine
1185 723 1296 773 muros

387 828 580 922 Exspirasse
596 824 669 896 solu
688 853 696 896 τ
714 825 878 920 querenti
897 823 1058 920 Nympha
1074 837 1232 894 cruentas

386 948 576 1038 Maenadas,
597 961 699 1043 atque
716 948 849 1018 hostem
870 945 957 1015 dixit
971 946 1105 1016 sevisse
1122 947 1272 1040 Lyaeum.

385 1073 479 1142 Dum
498 1070 621 1166 gemit,
640 1084 675 1139 et
692 1067 833 1164 planctu
846 1066 1037 1138 circumdat
1054 1080 1171 1162 pectus
1189 1067 1303 1152 inani,

385 1194 564 1287 Abrupere
583 1189 673 1262 oculi
692 1204 845 1276 noctem,
865 1203 1052 1284 moestoque
1073 1186 1176 1258 cubili

384 1311 520 1399 Exsilit,
541 1328 575 1382 et
593 1309 693 1382 salsos
714 1311 835 1406 quaerit
853 1333 913 1404 per
930 1308 1061 1379 lumina
1078 1308 1187 1378 fletus.

434 1437 526 1528 Ergo
544 1449 583 1502 ut
601 1435 635 1502 in
656 1456 756 1502 amne
773 1431 866 1501 nefas
885 1455 997 1502 merso
1015 1445 1067 1500 ter
1085 1432 1180 1500 crine
1196 1431 1319 1524 piavit,

383 1555 562 1648 Verbaque
579 1551 736 1625 sollicitas
755 1568 903 1624 matrum
922 1552 1065 1623 solantia
1084 1575 1182 1623 curas

383 1675 540 1765 Addidit,
559 1691 697 1746 armatae
716 1677 786 1747 ruit
802 1675 845 1746 ad
863 1673 1004 1746 delnhra
1025 1676 1160 1763 Dianae,
1211 1653 1213 1656 Ι

383 1801 474 1866 Rure
490 1796 554 1867 sub
572 1801 663 1886 Eoo,
683 1813 847 1891 notasque
866 1821 908 1866 ex
922 1798 1043 1866 ordine
1061 1794 1179 1880 silvas,

382 1917 427 1988 Et
444 1943 605 2011 quercum
628 1920 743 2014 gavisa
760 1918 874 1989 videt:
891 1932 974 1988 tunc
992 1917 1108 1988 limine
1127 1922 1223 1990 Divae

382 2037 539 2141 Adstitit,
557 2056 592 2111 et
606 2039 663 2110 tali
682 2042 907 2135 nequicquam
923 2065 1005 2110 voce
1020 2057 1198 2137 precatur:

432 2162 565 2257 «Virgo
582 2176 701 2255 potens
723 2187 916 2251 nemorum,
936 2165 1032 2258 cujus
1052 2189 1122 2233 non
1143 2161 1259 2234 mollia
1274 2169 1373 2261 signa

381 2283 608 2378 Militiamque
627 2299 775 2371 trucem,
797 2309 913 2354 sexum
933 2284 1126 2382 indignata,
1146 2287 1343 2382 frequento,

381 2407 480 2475 More
499 2404 590 2476 nihil·
602 2407 728 2491 Graio;
746 2431 808 2475 uec
819 2417 857 2474 'te
875 2429 956 2502 gens
975 2431 1090 2500 aspera
1112 2411 1180 2478 ritu

381 2527 535 2613 Colchis,
556 2528 788 2598 Amazoniaeve
806 2528 914 2623 magis
928 2526 1062 2598 coluere
1076 2544 1219 2600 catervae
1232 2557 1241 2599 ε

380 2649 416 2718 Si
433 2648 516 2717 mihi
536 2673 606 2718 nou
625 2672 776 2742 unquam
805 2647 925 2734 thiasi,
943 2647 1083 2720 ludusve
1101 2665 1267 2744 protervae

382 2772 520 2852 Noctis,
541 2784 575 2838 et
592 2770 702 2839 inviso
720 2773 877 2863 quamvis
895 2784 1058 2841 temerata
1078 2771 1200 2854 cubili,

382 2895 413 2961 N
416 2917 461 2960 on
481 2906 593 2960 tamen
611 2905 671 2960 aut
688 2905 808 2961 teretes
827 2890 979 2984 thyrsos,
999 2909 1058 2960 aut
1077 2891 1192 2966 mollia
1211 2895 1297 2988 gessi

381 3018 508 3101 Pensa,
528 3012 584 3083 sed
604 3015 639 3083 in
660 3003 787 3083 tetricis
801 3027 836 3082 et
855 3028 931 3107 post
946 3015 1118 3083 connubia
1133 3016 1266 3102 lustris,

380 3138 435 3206 Sic
450 3157 587 3230 quoque
606 3136 777 3222 venatrix,
798 3136 1015 3229 animumque
1035 3138 1179 3230 innupta
1196 3143 1364 3207 remansi:

382 3260 452 3329 Nec
472 3257 555 3325 mihi
569 3256 703 3327 secretis
720 3253 856 3348 culpam
873 3253 1043 3324 occultare
1060 3257 1122 3324 suh
1137 3258 1241 3326 antris

380 3383 489 3466 Cura,
509 3377 567 3447 sed
584 3374 716 3446 ostendi
738 3389 874 3462 natum,
895 3377 1058 3472 posuique
1078 3391 1273 3446 trementem

382 3503 467 3568 Ante
485 3513 560 3569 tuos
580 3496 736 3608 confessa
751 3493 881 3594 pedes:
904 3521 967 3565 nec
987 3497 1133 3592 degener
1154 3496 1209 3567 ille

380 3621 579 3715 Sanguinis,
599 3621 702 3712 inque
720 3641 813 3688 meos
832 3619 975 3712 reptavit
993 3617 1149 3712 protinus
1167 3641 1284 3706 arcus3

378 3739 458 3810 Tela
478 3763 563 3835 puer
583 3738 740 3834 lacrymis
757 3754 791 3808 et
810 3739 920 3834 prima
940 3761 1022 3808 voce
1038 3741 1201 3834 poposcit.

379 3865 478 3931 Hunc
490 3861 573 3930 mihi
586 3858 684 3955 (qnid
695 3856 834 3953 trepidae
846 3873 978 3947 noctes,
990 3882 1195 3952 somnusque
1208 3859 1427 3954 minanturll,

378 3985 494 4069 Hunc,
512 4007 642 4077 precor,
665 3979 784 4051 audaci
804 3983 862 4074 qui
881 4005 973 4052 nunc
990 3979 1033 4050 ad
1053 3980 1173 4074 proelia
1190 3997 1272 4050 voto

377 4107 452 4172 Heu
474 4103 616 4172 nimium
631 4102 691 4171 tihi
710 4101 790 4172 fisus
811 4102 897 4192 abit,
917 4099 962 4170 da
979 4102 1086 4170 visere
1103 4101 1183 4170 belli
