3094 5140
376 549 430 616 ¹9¹·
679 535 898 592 Tlffltssnos
919 533 1034 592 mua
1055 539 1091 594 x.
1322 539 1363 598 (v.
1380 534 1451 596 αις.)

372 667 473 740 Nunc
489 665 628 738 humilio
644 687 755 760 genua
770 661 993 760 amplectens,
1010 689 1103 734 nunc
1123 686 1184 734 ora
1201 665 1376 734 canentis

372 789 607 883 Nequicquam
624 788 765 863 retinere
784 801 882 882 rogat
901 812 910 856 ε
925 788 996 881 jam
1014 786 1103 857 fama
1119 799 1290 858 sacratam

373 914 500 984 Vocem
517 907 671 1002 amplexa
685 906 795 997 volat,
812 907 1026 1002 clamantque
1042 907 1180 978 oracula
1194 907 1347 977 Thebae.

422 1033 542 1116 Nunc,
557 1053 635 1126 age,
653 1031 728 1124 quie
742 1028 896 1100 stimulos
914 1045 948 1099 et
963 1028 1115 1124 pulchre
1132 1027 1257 1125 gaudia
1272 1029 1414 1098 mortis

372 1151 552 1222 Addiderit
566 1151 684 1244 juveni
707 1150 837 1246 (neque
860 1151 950 1219 enim
972 1152 1044 1220 hac
1063 1149 1262 1221 absentibus
1286 1173 1456 1243 unquam

373 1276 471 1344 Mens
484 1273 614 1342 homini
635 1273 828 1348 transmissa
847 1271 943 1368 Deis)
960 1297 1091 1342 memor
1110 1273 1223 1366 incipe
1239 1269 1345 1358 Clio,

373 1393 501 1463 Saecula
521 1410 554 1463 te
573 1395 735 1488 quoniam
756 1413 859 1488 penes
878 1407 912 1462 et
931 1392 1060 1489 digesta
1079 1407 1237 1463 vetustas.

422 1517 511 1585 Diva
526 1516 617 1585 Jovis
635 1511 721 1583 solio
738 1515 836 1609 juxta
850 1539 980 1603 comes,
998 1514 1090 1583 uude
1104 1537 1166 1609 per
1183 1513 1306 1582 orbem

373 1640 465 1706 Rara
484 1636 578 1724 dari,
602 1635 767 1728 terrisque
786 1633 871 1704 solet
890 1636 1086 1730 contingere
1111 1637 1239 1718 virtus;

375 1760 442 1828 Seu
460 1773 557 1852 pater
574 1757 789 1852 omnipotens
809 1757 945 1843 tribuit,
963 1757 1033 1826 sive
1054 1758 1126 1851 ipsa
1144 1779 1285 1850 capaces

373 1876 485 1972 Elegit
504 1893 681 1973 penetrare
698 1879 807 1966 viror,
825 1877 1015 1948 coelestibus
1031 1891 1070 1946 ut
1088 1901 1179 1947 nunc

374 1997 521 2070 Desiluit
535 2001 649 2095 gavisa
664 1997 771 2093 plagis
790 2024 799 2066 t
817 1997 900 2068 dant
917 1997 1008 2068 olara
1025 2001 1151 2068 meanti

374 2127 473 2190 Astra
489 2118 623 2206 locum,
638 2142 790 2215 quosque
807 2121 878 2214 ipsa
896 2119 983 2215 polis
997 2119 1148 2190 affixerat
1167 2121 1272 2214 ignes.

373 2247 517 2337 Jamque
536 2244 662 2338 premit
680 2257 805 2330 terras,
824 2262 887 2311 uec
907 2240 1020 2311 vultus
1040 2243 1082 2310 nb
1101 2242 1225 2311 ethere
1243 2239 1365 2336 longe3

373 2365 440 2434 Sed
458 2364 586 2460 placuit
601 2379 734 2434 mutare
752 2387 855 2458 genas
873 2387 882 2432 ε
901 2363 940 2432 lit
956 2362 1097 2458 provida
1114 2365 1250 2451 Manto,

374 2487 557 2580 Responsio
575 2501 612 2554 ut
632 2482 735 2579 plana
752 2483 855 2569 fides,
877 2499 910 2553 et
929 2484 1197 2580 fraude-priores

375 2608 523 2679 Eruitur
540 2604 654 2676 vultus
671 2633 679 2676 ε
699 2607 783 2675 abiit
801 2605 996 2700 horrorque-
1013 2607 1174 2701 vigorque
1232 2645 1239 2660 κ
1307 2585 1310 2588 ’

376 2733 428 2799 Ex
444 2726 566 2817 oculis,
583 2726 734 2823 paullum
751 2726 883 2798 decoris
899 2729 1102 2823 permansit,
1120 2727 1298 2820 honosque

375 2847 530 2935 Mollior,
550 2865 585 2919 et
601 2851 714 2944 posito
731 2865 847 2919 vatum
866 2852 1053 2945 gestamina
1071 2849 1161 2918 ferro

377 2970 519 3042 Subdita
536 2999 543 3040 :
564 2969 776 3043 descendunt
791 2985 917 3061 vestes,
936 2973 1108 3066 torvisque
1123 2969 1250 3066 ligatur

376 3094 471 3162 Vitta
488 3093 611 3178 comis;
629 3115 706 3162 nam
728 3089 844 3162 laurus
862 3107 951 3179 erat3
969 3108 1083 3162 tamen
1100 3115 1218 3186 aspera
1233 3088 1393 3185 produnt

308 3308 313 3314 Ι
376 3217 447 3284 Ora
459 3216 585 3299 Deam,
602 3214 764 3307 nimiique
782 3213 906 3308 gindus
923 3239 931 3281 :
951 3215 998 3284 sio
1011 3213 1122 3308 Lydia
1138 3212 1262 3304 conjux

376 3333 702 3429 Amphitryoniaden
720 3349 859 3404 exutum
874 3336 1049 3405 horrentia
1062 3349 1157 3430 terga

376 3454 523 3524 Perdere
539 3455 697 3524 Sidonios
716 3456 867 3525 humeris
886 3455 1018 3526 ridebat
1038 3457 1198 3541 amiotus,

279 3641 285 3648 .
377 3579 421 3645 Et
436 3577 573 3646 turbare
588 3575 699 3666 colus,
718 3592 752 3648 et
769 3591 929 3673 tympana
945 3601 1104 3674 rumpere
1119 3577 1246 3648 dextra.

427 3697 495 3769 Sed
513 3723 623 3794 neque
641 3714 675 3768 te
696 3699 890 3782 indecorem
911 3703 1032 3790 moris,
1052 3701 1260 3795 dignumque
1276 3699 1394 3794 juberi

377 3817 487 3906 Talia,
504 3819 638 3890 Dirraea
658 3834 805 3902 stantem
823 3839 890 3916 pro¹
903 3836 1016 3912 turre,
1034 3819 1238 3908 Menoeoeu,

377 3943 535 4011 Invenit:
554 3943 723 4011 immensa
738 3956 885 4014 reserato
901 3941 1018 4013 limine
1035 3930 1142 4038 portae

377 4061 558 4133 Sternebas
576 4065 712 4132 Danaos
733 4089 740 4132 :
760 4065 890 4158 pariter
904 4065 1093 4134 Mavortius
1108 4067 1262 4134 Haemon.

379 4184 444 4254 Sed
458 4186 701 4281 consanguinei
721 4188 890 4279 quamvis,
905 4199 1006 4280 atque
1022 4187 1136 4257 omnia
1149 4185 1289 4274 fratres,
