3206 5136
141 496 174 552 (v.
189 497 256 560 “ll
453 495 665 554 THEBAIDOS
685 495 794 551 LIBER
814 496 862 551 IV.

140 616 346 688 Vulneribus
361 645 369 687 :
387 643 455 688 non
473 617 529 688 ille
545 621 644 688 minis
662 618 844 714 Polynicis,
864 633 898 687 et
914 620 962 687 ira

140 736 295 822 Inferior,
313 737 520 830 dubiumque
538 736 621 806 adeo
641 739 695 806 cui
716 737 803 806 bella
822 754 991 831 gerantur.
1098 817 1101 826 ,

191 857 301 949 Major
318 870 353 924 at
369 858 448 927 inde
471 859 565 926 novis
586 859 613 925 it
631 859 775 927 Doricus
797 857 880 926 ordo
899 857 960 926 sub
981 858 1098 944 armis,

141 977 213 1062 Qui
232 979 337 1070 ripas,
354 979 492 1070 Lyrcie,
512 991 601 1065 tuas,
620 992 679 1047 tua
698 977 797 1046 litora
819 975 926 1046 multo

141 1097 289 1163 Vomere
307 1094 532 1189 suspendunt,
551 1093 728 1164 lluviorum
747 1095 868 1164 ductor
883 1097 1064 1182 Achivum,

142 1215 267 1282 lnache
286 1239 293 1282 :
313 1215 452 1308 (Persea
468 1239 577 1309 neque
593 1217 683 1284 enim
706 1214 883 1285 violentior
901 1218 967 1284 exit

143 1335 265 1402 Amnis
274 1334 395 1422 humo,
408 1360 514 1428 quum
524 1337 692 1421 Taurum,
706 1350 766 1403 aut
779 1334 909 1404 Pliadas
919 1335 1031 1404 hausit
1046 1360 1189 1429 aquosas

142 1455 326 1544 Spumeus,
346 1467 380 1520 et
396 1477 520 1547 genero
536 1455 658 1521 tumuit
673 1458 755 1522 Jove
768 1452 801 1545 ι)
820 1478 904 1546 quos
918 1452 1007 1522 celer
1020 1455 1126 1523 ambit
1145 1509 1149 1520 ,

143 1574 317 1660 Asterion,
338 1577 578 1667 Dryopumque
597 1573 729 1643 trahens
750 1575 909 1642 Erasinus
925 1575 1065 1643 aristas:

143 1695 188 1760 Et
204 1695 262 1785 qui
282 1718 361 1763 rura
381 1693 520 1764 domant
537 1693 744 1789 Epidauria:
763 1693 880 1762 dexter
896 1694 1019 1763 Iaccho

143 1812 266 1900 Collis,
288 1829 322 1882 at
338 1817 470 1884 Ennaeae
488 1816 604 1886 Cereri
623 1829 747 1910 negat:
766 1816 838 1884 avia
858 1818 969 1908 Dyme

144 1935 251 2002 Mittit
268 1958 363 2028 opes,
383 1933 569 2028 densasque
587 1933 685 2028 Pylos
702 1933 817 2006 Neleia
833 1950 977 2023 turmas,

143 2053 306 2122 Nondum
323 2069 402 2123 nota
419 2053 533 2150 Pylos,
549 2057 750 2149 juvenisque
768 2069 865 2123 aetate
883 2054 1027 2124 secunda

145 2175 280 2259 Nestor,
299 2187 334 2242 et
351 2175 399 2242 ire
417 2188 529 2274 tamen
546 2176 695 2268 peritura
709 2177 745 2243 in
763 2191 871 2244 castra
889 2175 1033 2269 negarit.

195 2297 266 2362 Hos
280 2296 404 2387 agitat,
423 2292 638 2389 pulchraeque
655 2295 754 2364 docet
771 2295 902 2364 virtutis
918 2318 1067 2362 amorem

84 2479 88 2486 .
144 2413 282 2485 Arduus
298 2414 532 2508 Hippomedon
549 2441 556 2482 :
576 2415 678 2508 capiti
696 2417 810 2484 tremit
825 2439 910 2483 aerea
927 2415 1046 2500 cassis,

142 2539 209 2604 Ter
225 2537 321 2603 nivea
339 2535 520 2604 scandente
534 2536 617 2630 juba
632 2561 641 2620 ;
659 2533 747 2604 latus
765 2560 866 2604 omne
886 2535 949 2603 sub
967 2534 1068 2602 armis

142 2661 263 2725 Ferrea
283 2671 357 2724 suta
376 2672 519 2725 terunt:
538 2656 697 2724 humeros
716 2681 754 2724 ac
770 2671 906 2750 pectora
925 2653 991 2723 late

142 2774 332 2845 Flammeus
350 2777 442 2847 orbis
459 2776 581 2862 habet,
601 2775 814 2870 perfectaque
831 2776 916 2843 vivit
933 2776 967 2843 in
987 2799 1070 2843 auro

141 2897 219 2966 Nox
237 2899 347 2966 Danai
367 2923 374 2964 ε
394 2911 505 2966 sontes
523 2899 697 2965 Furiarum
720 2893 875 2989 lampade
894 2897 990 2989 nigra

141 3019 396 3112 Quinquaginta
414 3018 533 3086 ardent
551 3015 689 3086 thalami
709 3042 716 3085 :
734 3031 831 3109 pater
850 3017 920 3109 ipse
936 3017 1085 3084 cruentis
1161 3077 1165 3084 .

141 3139 181 3204 In
202 3138 328 3206 foribus
347 3136 528 3231 laudatque
550 3138 642 3207 nefas
663 3152 764 3230 atque
782 3137 915 3230 inspicit
934 3159 1041 3205 enses.

190 3254 292 3326 Illum
307 3257 457 3326 Palladia
473 3261 606 3352 sonipes
623 3259 798 3328 Nemeaeus
818 3257 860 3326 ab
879 3281 956 3325 arce

140 3377 285 3447 Devehit
302 3403 394 3448 arma
415 3403 563 3472 pavens,
581 3379 768 3472 umbraque
787 3380 934 3447 immane
954 3375 1098 3473 volanti

140 3495 264 3592 Implet
282 3525 396 3594 agros,
417 3498 587 3594 longoque
606 3497 730 3592 attollit
750 3496 889 3593 pulvere
905 3522 1073 3591 campum.
1151 3565 1154 3570 .

188 3623 265 3692 Non
284 3620 381 3690 aliter
397 3619 496 3690 silvas
513 3620 662 3689 humeris
680 3636 713 3689 et
732 3634 877 3712 utroque
895 3618 1081 3713 refringens

138 3741 295 3831 Pectore,
313 3757 474 3812 montano
493 3739 620 3836 duplex
635 3739 761 3835 Hyleus
782 3742 823 3809 ab
839 3756 939 3809 antro

136 3864 343 3957 Praecipitat3
362 3877 461 3957 pavet
477 3868 563 3934 Ossa
581 3863 667 3947 vias,
686 3861 913 3956 pecudesque,
931 3861 1077 3955 feraeque

136 3985 356 4054 Procubuere
373 3998 465 4052 metu
485 4010 493 4052 ε
514 4009 583 4052 non
604 3983 684 4078 ipsis
701 3981 863 4076 fratribus
881 3983 1003 4052 horror

137 4103 270 4188 abfuit,
290 4106 418 4200 ingenti
438 4105 546 4175 donec
564 4105 687 4174 Peneia
709 4101 797 4172 saltu
