3192 5148
400 522 435 578 ιθ
761 522 792 576 P.
816 521 940 577 PUBLll
961 522 1083 578 suurn
1364 531 1446 586 (snt

397 647 534 733 Saxeus,
550 644 606 712 hic
622 643 784 712 tumidam
801 646 944 732 rabiem,
960 669 1182 740 spumosaque
1197 647 1291 739 pouit

395 767 588 852 Murmura,
604 788 664 832 ceu
680 761 802 858 placidi
814 766 940 833 veritus
960 765 1094 834 turbare
1109 767 1246 860 Vopisci

395 886 587 979 Pieriosque
604 883 688 971 dies,
705 897 739 952 et
755 884 916 952 habentes
930 885 1079 952 carmina
1095 909 1239 954 somnos.

394 1006 490 1074 Litus
506 1017 686 1098 utrumque
701 1003 792 1071 domi
808 1029 816 1071 ε
834 1028 895 1072 nec
912 1017 944 1071 te
959 1005 1153 1074 mitissimus
1170 1005 1277 1073 amnis

394 1123 546 1209 Dividit3
561 1121 706 1192 alternas
721 1136 855 1191 servant
872 1125 1027 1218 pretoria
1043 1125 1131 1218 ripas

394 1245 472 1312 Non
488 1256 625 1312 externa
640 1241 718 1328 sibi,
733 1239 917 1341 fluviumve
934 1243 1065 1312 obstare
1080 1255 1278 1336 queruntur.

334 1361 340 1369 ⁸
441 1369 601 1436 Sestiacos
617 1391 708 1436 nunc
725 1367 813 1436 sama
829 1369 935 1454 sinus,
952 1367 1154 1464 pelagusque
1170 1380 1320 1435 natatum

393 1493 511 1575 Iactet,
528 1499 560 1555 et
575 1486 693 1555 audaci
706 1488 841 1581 junctos
857 1487 1031 1584 delphinas
1047 1486 1176 1581 ephebo
1193 1512 1202 1553 ι

394 1608 456 1676 Hic
470 1620 593 1675 aeterna
610 1607 718 1700 quies,
733 1605 835 1675 nullis
853 1608 908 1675 hic
921 1609 998 1700 jura
1013 1603 1181 1699 procellis,

393 1727 568 1820 Nusquam
586 1726 696 1795 servor
712 1728 816 1820 aquis.
832 1730 944 1796 Datur
957 1724 1012 1794 hic
1029 1726 1253 1793 transmittere
1267 1721 1371 1808 visus,

394 1849 436 1916 Et
450 1869 566 1932 voces,
583 1859 617 1914 et
633 1849 726 1939 pune
742 1869 870 1914 manus.
893 1847 947 1914 Sic
962 1842 1124 1913 Chalcida
1139 1843 1259 1910 fluctus
1340 1873 1347 1884 =

393 1963 574 2058 Expellunt
590 1964 683 2036 fluvii
700 1989 708 2032 ε
724 1965 774 2032 sic
790 1963 964 2033 dissociata
979 1961 1148 2056 profundo
1259 1995 1263 2002 ·

393 2087 524 2153 Bruttia
540 2085 710 2154 Sicanium
726 2083 952 2177 circumspicit
966 2106 1025 2150 ora
1041 2079 1210 2150 Pelorum.

442 2203 536 2292 Quid
551 2205 714 2298 primum,
731 2202 921 2272 mediumve
936 2226 1072 2287 canam3
1087 2224 1156 2294 quo
1173 2199 1239 2268 line
1255 2199 1445 2293 quiescam?

387 2303 580 2393 'Auratasne
596 2324 723 2411 trabes,
738 2345 781 2394 an
796 2324 936 2390 Mauros
951 2320 1101 2414 undique
1116 2333 1243 2414 postes,
1274 2311 1277 2318 ’

392 2445 447 2510 An
464 2443 630 2535 picturata
644 2440 790 2511 lucentia
804 2463 973 2508 marmora
988 2463 1072 2508 rena

392 2561 508 2646 Mirer,
522 2585 564 2628 an
582 2561 717 2629 emissas
732 2585 792 2653 per
809 2574 928 2628 cuncta
946 2557 1068 2629 cubilia
1083 2559 1265 2653 nymphas?

391 2683 466 2748 Huc
480 2678 602 2767 oculis,
620 2679 687 2748 huc
701 2693 814 2748 mente
831 2679 955 2748 trahor.
972 2677 1172 2748 Venerabile
1188 2677 1297 2747 dicam

390 2797 561 2870 Lucorum
577 2797 733 2886 senium?
748 2813 800 2884 te,
817 2823 891 2892 qua
906 2798 991 2867 vada
1007 2798 1155 2867 fluminis
1171 2797 1257 2866 inira

391 2917 530 2990 Cernis?
547 2943 590 2986 an
607 2918 649 2986 ad
665 2916 763 2987 silvas
778 2941 852 3010 quae
866 2917 1017 3011 respicis,
1034 2916 1125 3006 aula,
1138 2917 1306 3011 jacentes?

391 3040 467 3127 Qua
484 3037 544 3107 tibi
562 3050 632 3106 tota
648 3038 758 3131 quies,
775 3035 970 3129 ollensaque
985 3035 1120 3105 turbine
1135 3034 1231 3104 nullo

389 3159 467 3229 Nox
482 3155 572 3246 silet,
588 3171 622 3226 et
637 3171 769 3226 teneros
784 3157 931 3224 invitant
947 3179 1123 3223 murmura
1139 3179 1283 3224 somnos.

390 3282 444 3348 An
459 3303 532 3373 quoe
547 3279 719 3374 graminea
734 3289 886 3369 suscepta
901 3273 1073 3369 crepidine
1087 3275 1219 3344 fumant

389 3395 529 3486 Balnea,
544 3413 577 3467 et
594 3398 786 3491 impositum
804 3397 886 3491 ripis
902 3393 1089 3490 algentibus
1105 3395 1244 3490 ignem?

390 3518 524 3612 Quique
539 3517 735 3612 vaporiferis
750 3519 887 3610 junctus
901 3515 1094 3584 fornacibus
1110 3517 1218 3584 amnis

389 3637 490 3707 Ridet
505 3636 698 3707 anhelantes
712 3637 824 3704 vicino
840 3635 979 3703 flumine
995 3635 1188 3728 nymphas?
1249 3645 1252 3652 '

436 3755 516 3824 vidi
530 3770 632 3844 artes,
649 3770 867 3850 veterumque
884 3779 1018 3842 manus,
1035 3756 1201 3847 variisque
1216 3751 1349 3822 metalla

389 3875 476 3943 Viva
487 3859 609 3944 modis.
627 3877 740 3945 Labor
755 3890 804 3946 cst
818 3877 892 3946 auri
907 3899 1095 3946 memorare
1110 3874 1254 3968 figuras,
1274 3889 1278 3896 ’
1333 3905 1334 3910 “

390 3997 457 4064 hut
472 3994 566 4074 ebur,
581 4009 639 4064 aut
653 3995 772 4089 dignas
788 3996 901 4090 digitis
916 3997 1111 4091 contingere
1127 4016 1295 4090 gemmas,

387 4114 558 4213 Quicquid
572 4129 606 4184 et
622 4130 760 4210 argento
776 4117 923 4204 primum
940 4114 992 4184 vel
1010 4116 1044 4183 in
1061 4139 1125 4184 aere
1142 4113 1295 4208 Myronis
1347 4175 1349 4178 ,
