3192 5148
394 488 428 522 10
757 475 786 528 Ρ.
808 473 931 528 PUBLII
954 473 1075 530 STATH
1364 486 1441 544 (nsok,

389 596 576 691 Lampade,
592 611 781 692 parcentes,
799 616 833 669 et
850 600 949 668 inerti
965 599 1162 669 strinximus
1170 623 1269 668 arcu.

390 720 439 786 Ex
455 715 513 785 illo
533 733 676 812 quantos
690 720 824 814 juvenis
844 735 974 814 premat
991 722 1110 790 anxius
1126 722 1219 815 ignes

387 837 493 906 Testis
512 858 590 932 ego,
611 841 774 910 attonitus
792 854 958 935 quantum
978 865 1032 910 rue
1049 856 1148 911 noete
1164 841 1285 936 dieque

375 959 573 1052 ‘Urgentem
590 959 674 1030 ferat
692 987 699 1030 :
717 960 810 1029 haud
827 959 887 1029 ulli
902 961 1301 1055 vehementior'unquam
1421 1001 1424 1008 ·

387 1079 550 1168 Incubui,
567 1081 728 1176 genitrix,
746 1082 932 1174 iterataque
948 1079 1090 1150 vulnera
1105 1080 1172 1150 fixi.

388 1196 467 1267 Vidi
488 1224 550 1296 ego
565 1214 600 1270 et
617 1201 739 1269 immiti
760 1200 921 1294 cupidum
937 1200 1115 1270 decurrere
1132 1225 1252 1294 campo

388 1320 651 1413 Hippomenem,
672 1343 735 1389 nec
751 1321 798 1389 sic
812 1334 901 1389 meta
918 1317 1064 1414 pallebat
1081 1322 1117 1390 in
1134 1322 1201 1390 ime
1221 1345 1228 1388 :

388 1437 467 1508 Vidi
485 1455 518 1508 et
535 1439 688 1534 Abydeni
703 1441 837 1533 juvenis
855 1443 1018 1510 certantia
1034 1443 1134 1510 remis

388 1558 545 1649 Brachia,
562 1557 764 1652 laudavique
784 1583 918 1649 manus,
935 1576 969 1630 et
985 1587 1071 1656 saepe
1087 1563 1218 1632 uetanti

388 1677 531 1748 Praeluxi
549 1705 557 1748 :
576 1682 688 1749 minor
705 1679 761 1749 ille
777 1679 880 1770 calor,
896 1707 963 1776 quo
981 1707 1065 1750 saeva
1081 1681 1241 1776 tepebant

388 1801 544 1893 AEquora.
562 1804 614 1869 Tu
631 1815 775 1888 veteres,
789 1803 944 1894 juvenis,
961 1815 1184 1898 transgressus
1203 1825 1358 1871 amores:

387 1921 463 2013 Ipse
482 1942 544 2014 ego
562 1935 593 1989 te
611 1935 721 1990 tantos
737 1923 851 2016 stupui
871 1922 1008 1992 durasse
1023 1947 1086 2016 per
1101 1936 1215 2010 aestus,

390 2041 602 2136 Firmavique
619 2043 765 2130 animos,
782 2041 980 2136 blandisque
996 2043 1167 2112 madentia
1184 2040 1307 2136 plumis

389 2162 535 2230 Lumina
551 2161 683 2232 detersi.
700 2165 844 2254 Quoties
863 2163 946 2234 mihi
962 2178 1099 2257 questus
1119 2161 1244 2258 Apollo

389 2283 444 2350 Sic
461 2296 572 2368 vatem
591 2309 731 2352 moerere
747 2282 864 2353 suum!
884 2288 975 2370 Jam,
992 2299 1111 2371 mater,
1128 2298 1256 2352 amatos

388 2401 531 2498 Indulge
549 2403 713 2473 thalamos
735 2429 742 2470 :
763 2416 877 2472 noster
893 2429 1004 2472 comes
1019 2403 1076 2473 ille
1092 2405 1234 2498 piusque

389 2523 534 2618 Signifer
550 2523 725 2592 armiferos
745 2537 878 2617 poterat
895 2547 1084 2592 memorare
1102 2521 1248 2611 labores,

337 2641 339 2646 ’
362 2641 369 2653 “
390 2642 556 2738 Claraque
573 2643 659 2713 facta
676 2645 801 2731 virum,
818 2658 851 2713 et
869 2657 1034 2714 torrentes
1051 2645 1214 2739 sanguiue
1231 2667 1386 2738 campoa;

390 2765 444 2832 Sic
464 2764 524 2832 tibi
544 2762 674 2857 plectra
695 2763 801 2850 dedit,
821 2765 977 2858 mitisque
995 2765 1149 2834 incedere
1165 2779 1257 2833 vates

390 2881 528 2972 Maluit,
545 2898 578 2953 et
594 2897 707 2953 nostra
724 2881 857 2952 laurum
874 2883 1050 2954 subtexere
1065 2899 1186 2978 myrto.

391 3003 453 3073 Hic
467 3005 631 3097 juvenum
649 2988 776 3098 lapset,
795 3029 934 3098 suaque,
956 3005 1047 3074 haud
1068 3019 1233 3092 extrema,
1254 3004 1397 3076 revolvit

390 3122 550 3194 Vulnera.
568 3127 635 3196 Pro
655 3140 782 3219 quanta
799 3140 848 3195 est
862 3106 981 3224 Paphii
1000 3128 1204 3213 reverentia,
1222 3141 1341 3214 mater,

390 3243 563 3316 Numinis!
584 3246 639 3316 hic
657 3261 778 3316 nostrae
794 3246 928 3316 deflevit
946 3233 1013 3315 fatis
1029 3245 1205 3322 columbae,
1217 3277 1234 3312 s

437 3368 593 3454 Dixerat;
615 3381 648 3437 et
668 3383 782 3437 tenera
802 3371 918 3437 matris
937 3370 1067 3438 cervice
1089 3368 1249 3463 pependit

391 3487 554 3576 Blandus,
572 3503 606 3557 et
621 3488 765 3557 admotis
782 3487 936 3582 tepefecit
952 3504 1090 3583 pectore
1109 3491 1238 3584 pennis.

390 3608 453 3678 Illa
472 3608 575 3677 refert
585 3657 600 3694 ,·
610 3606 706 3677 vultu
727 3633 796 3694 non
817 3623 993 3703 aspernata
1012 3612 1124 3706 rogeri
1143 3637 1151 3678 :

298 3767 307 3786 ·
392 3727 557 3798 «Grande
574 3728 725 3823 quidem,
742 3753 924 3824 rarumque
942 3731 1046 3817 viris,
1066 3753 1151 3825 quos
1169 3732 1242 3825 ipsa
1263 3730 1421 3825 probavi,

391 3850 520 3920 Pierius
535 3863 654 3918 votum
667 3851 800 3942 juvenis
816 3835 931 3944 capit:
950 3851 1038 3921 hanc
1055 3875 1133 3952 ego,
1151 3852 1266 3920 formae
1380 3907 1384 3912 .

391 3970 575 4065 Egregium
591 3971 711 4040 mirata
727 3970 844 4058 decus,
861 3973 915 4041 cui
932 3970 1038 4066 gloria
1059 3985 1194 4066 patrum

393 4093 435 4158 Et
452 4091 582 4185 generis
598 4091 746 4162 certabat
762 4091 885 4178 honos,
905 4090 1024 4160 tellure
1041 4091 1215 4163 cadentem
