3156 5138
470 394 664 454 SILVARUM
686 396 796 460 multu
816 399 849 455 V.
1138 395 1190 454 151

136 513 1195 549 MW'Wmhmmmmmwflmmmwm

622 829 700 950 111.

544 1151 791 1222 EPICEDION

495 1375 536 1420 IN
554 1373 704 1422 PATREM
725 1375 839 1425 SUUM.

187 1967 268 2034 Irsn
285 1961 389 2033 malas
407 1966 508 2054 vires,
529 1977 562 2033 et
580 1961 796 2033 lamentabile
814 1988 948 2032 carmen

139 2085 254 2180 Elysio
272 2084 314 2154 de
330 2086 423 2154 fonte
440 2085 540 2174 mihi,
556 2082 762 2179 pulsumque
778 2085 920 2158 sinistrae

138 2210 208 2292 Da,
229 2207 362 2302 genitor
381 2203 555 2301 praeclare,
576 2202 655 2300 lyrae
673 2231 681 2273 ε
699 2229 810 2300 neque
829 2207 917 2274 enim
940 2221 1038 2274 antra
1061 2229 1195 2276 movere

138 2325 254 2415 Delia,
269 2352 332 2397 nec
351 2325 484 2414 solitam
503 2328 552 2396 fas
570 2341 621 2396 est
638 2323 809 2421 impellere
828 2326 994 2422 Cyrrham

138 2451 187 2517 Te
204 2449 284 2517 sine.
304 2448 447 2542 Corycia
467 2446 632 2541 quidquid
652 2445 753 2516 modo
771 2447 917 2515 Phoebus
935 2447 968 2515 iu
987 2447 1123 2534 umbra,

139 2568 318 2662 Quidquid
337 2570 378 2638 ab
396 2568 547 2637 Ismariis
564 2567 775 2636 monstrabat
792 2565 934 2635 collibus
949 2570 1060 2654 Evan,

139 2688 296 2760 Dedidici
315 2715 324 2758 ε
343 2689 457 2783 fugere
473 2713 565 2758 meos
580 2688 739 2757 Parnasia
758 2689 866 2756 crines

139 2806 292 2896 Vellera,
312 2809 547 2902 funestamque
566 2807 670 2877 ederis
689 2809 837 2902 irrepere
854 2823 970 2878 taxum

141 2931 318 3022 Sustinui,
338 2928 589 3023 trepidamque,
610 2923 715 2996 nefas!
733 2952 882 2996 arescere
900 2926 1054 3015 laurum,

139 3048 202 3118 Ille
222 3073 301 3144 ego,
317 3049 573 3144 magnanimum
592 3049 649 3142 qui
665 3047 753 3116 sacta
771 3045 924 3117 attollere
942 3073 1061 3144 regum

140 3169 238 3239 lbam
253 3167 361 3239 altum
378 3170 525 3264 spirans,
541 3169 757 3261 Martemque
777 3192 910 3261 aquare
927 3167 1090 3238 canendo.

140 3291 227 3378 Quis
243 3287 347 3358 sterili
368 3315 441 3358 mea
459 3287 561 3384 corda
579 3289 661 3376 situ,
684 3289 776 3382 quis,
793 3285 951 3382 Apolline
969 3312 1084 3377 verso,

140 3410 278 3504 Frigida
297 3409 461 3482 damnatae
482 3409 648 3505 praeduxit
670 3407 786 3477 nubila
803 3407 935 3478 menti?

141 3534 240 3600 Stant
258 3533 383 3628 circum
402 3531 553 3602 attonitae
568 3546 694 3618 vatem,
717 3547 751 3601 et
771 3528 819 3600 nil
838 3527 937 3600 dulce
957 3547 1114 3601 sonantes

140 3656 214 3724 Nec
235 3653 348 3748 digitis
369 3677 430 3723 nec
448 3677 531 3722 voce
550 3651 617 3722 deae
637 3680 645 3722 :
664 3653 732 3722 dux
752 3654 840 3748 ipsa,
859 3649 970 3720 silenti

140 3773 240 3843 Fulta
258 3789 362 3868 caput
380 3775 529 3860 cithara3
548 3772 656 3867 qualis
672 3787 750 3868 post
769 3772 905 3866 Orphea
926 3786 1064 3866 raptum

139 3893 295 3982 Adstitit,
315 3895 442 3983 Hebre,
464 3893 541 3980 tibi,
562 3919 701 3963 cernens
714 3893 786 3985 jam
806 3891 908 3962 surda
928 3893 1075 3963 serarum

140 4015 301 4110 Agmina,
318 4031 351 4084 ct
369 4015 527 4120 immotos
542 4013 675 4086 sublato
693 4016 840 4086 carmine
858 4015 960 4084 lucos.
