3172 5142
430 434 484 492 13²
725 438 938 496 munos
959 441 1068 498 LIBER
1090 443 1172 500 VIII.
1379 443 1487 504 (25:⁵2¹

477 559 559 630 lnde
576 559 666 630 velut
683 565 791 656 primo
810 564 906 658 tigris
921 566 1036 659 gavisa
1051 589 1170 636 cruore

425 685 490 750 Per
510 696 615 751 totum
633 684 726 776 cupit
743 685 792 751 ire
811 707 930 778 pecus3
953 685 1000 754 sic
1018 687 1115 755 Aona
1134 710 1233 771 saxo,

425 805 515 870 Ense
532 800 694 890 Pholum,
712 803 876 873 Chromin
894 827 990 892 ense,
1009 803 1095 872 duos
1113 803 1319 874 Helicaonas
1338 806 1443 876 hasta

425 923 610 1017 Transigit,
632 926 742 1017 AEgeae
761 925 902 993 Veneris
923 949 1008 1017 quos
1028 927 1133 993 Maera
1152 925 1311 995 sacerdos

425 1039 601 1128 Ediderat,
622 1042 819 1136 prohibente
837 1047 910 1113 Dea
928 1071 936 1112 ε
956 1069 1015 1112 vos
1034 1044 1146 1138 praeda
1163 1048 1294 1114 cruenti

424 1161 554 1254 Tydeos
573 1188 581 1230 ε
600 1165 627 1231 it
644 1187 747 1232 saevas
766 1167 948 1236 etiamnum
969 1180 1074 1234 mater
1093 1164 1137 1233 ad
1157 1189 1241 1235 aras.

473 1283 545 1352 Nec
561 1284 672 1353 minus
689 1283 890 1353 Herculeum
911 1299 1028 1352 contra
1047 1309 1151 1379 vagus
1171 1288 1335 1352 Haemona
1357 1285 1455 1354 ducit

425 1403 569 1496 Sanguis
586 1429 594 1469 :
614 1401 780 1497 inexpleto
796 1405 927 1499 rapitur
943 1405 1003 1498 p'er
1019 1401 1124 1473 millia
1139 1392 1247 1490 ferro,

425 1525 525 1592 Nunc
545 1519 677 1590 turnidae
694 1507 876 1615 Calydonis
894 1547 996 1617 opes,
1015 1548 1105 1592 nunc
1124 1537 1220 1592 torva
1238 1523 1384 1617 Pylenes

424 1643 585 1735 Agmina,
604 1665 694 1708 nuuc
710 1657 834 1710 moestae
850 1641 991 1710 fundens
1007 1641 1182 1710 Pleuronis
1198 1641 1353 1710 alumnos
1372 1669 1382 1708 :

424 1765 541 1830 Donec
562 1763 596 1828 in
616 1760 775 1831 Olenium
793 1762 878 1830 fessa
895 1764 965 1855 jam
988 1761 1125 1857 cuspide
1143 1767 1251 1832 Buten

424 1881 547 1949 Incidit
564 1905 571 1947 :
591 1881 682 1949 hunc
701 1883 818 1950 turmis
838 1882 1032 1968 obversum,
1049 1896 1082 1950 et
1097 1883 1189 1950 abire
1206 1897 1376 1950 vetantem

424 2001 627 2096 Aggreditur
645 2027 653 2068 τ
672 2025 756 2094 puer
773 2000 846 2085 ille,
867 2026 968 2094 puer,
989 1999 1158 2094 malasque
1177 2025 1378 2096 comamque

423 2123 577 2216 Integer,
598 2122 715 2214 ignaro
736 2121 791 2212 cui
809 2135 889 2189 tunc
905 2120 1066 2190 Thebana
1085 2120 1238 2215 bipennis

312 2294 316 2301 .
423 2244 463 2310 In
486 2239 612 2337 galeam
631 2239 753 2308 librata
770 2241 864 2309 venit
884 2265 892 2308 :
915 2239 1090 2308 finduntur
1108 2241 1276 2334 utrimque

424 2362 610 2455 Tempora,
632 2359 827 2453 dividuique
847 2359 972 2430 cadunt
991 2361 1024 2428 in
1043 2359 1181 2429 brachia
1196 2361 1326 2448 crines,

424 2483 467 2549 Et
483 2506 553 2550 uon
572 2481 637 2550 hoc
656 2493 806 2548 metuens
824 2481 962 2575 inopino
980 2469 1084 2549 limite
1101 2480 1170 2548 vita

425 2599 568 2668 Exsiluit
588 2627 595 2668 :
618 2615 698 2668 tunc
717 2598 840 2668 flavum
861 2601 1035 2693 Hypanin,
1055 2597 1246 2692 flavumque
1263 2599 1398 2669 Politen

420 2717 608 2816 (Illegeuas
621 2717 764 2806 Phoebo,
784 2719 911 2788 crinem
928 2718 983 2786 hic
1003 2719 1158 2812 pascebat
1178 2719 1325 2787 laccho:

424 2841 536 2907 Saevus
553 2852 694 2929 uterque
712 2835 848 2930 Deus),
869 2837 1198 2931 victisllypetenora
1212 2839 1326 2932 jungit

425 2959 700 3049 Conversumque
720 2955 800 3054 fuga
821 2959 1003 3025 Damasum
1023 2983 1031 3022 :
1050 2957 1106 3025 sed
1122 2955 1215 3052 lapsa
1233 2981 1294 3052 per
1312 2967 1426 3026 armos

424 3081 530 3147 Hasta
546 3077 610 3145 viri
629 3090 721 3145 trans
739 3090 857 3169 pectus
876 3075 964 3163 abit,
982 3100 1199 3170 parmamque
1216 3079 1342 3146 tenenti

424 3198 578 3284 Excutit,
597 3211 630 3265 et
648 3219 777 3266 summa
794 3195 924 3290 lugiens
944 3197 978 3264 in
997 3195 1134 3290 cuspide
1153 3210 1275 3291 portat.

475 3321 645 3386 Sterneret
661 3315 816 3383 adversos
834 3317 1017 3386 etiamnum
1035 3317 1198 3384 Ismenius
1215 3319 1357 3386 Haemon

423 3435 600 3507 Inachidas
618 3435 721 3529 (nam
738 3431 806 3502 tela
824 3435 930 3528 regit,
948 3437 1100 3529 viresque
1117 3436 1282 3504 ministrat

424 3551 781 3650 Amphitryoniades),
799 3577 922 3622 mrum
939 3553 995 3622 sed
1011 3555 1124 3648 Tydea
1140 3571 1257 3624 contra

423 3675 533 3746 Pallas
550 3676 620 3768 agit
637 3673 796 3766 :jamque
812 3671 952 3741 adverso
970 3697 1090 3742 venere
1105 3674 1219 3761 fayore

423 3796 604 3880 Cominus,
621 3806 655 3861 et
673 3790 803 3884 placido
824 3793 918 3886 prior
934 3792 1004 3861 haec
1020 3793 1215 3888 Tirynthius
1232 3819 1291 3864 ore
1311 3822 1320 3863 ε

473 3912 583 3982 «Fida
601 3935 713 3997 soror,
733 3935 886 4004 quaenam
906 3911 996 4006 hunc
1016 3910 1093 3980 belli
1114 3910 1256 4007 caligine
1277 3914 1372 3984 nobis

422 4039 648 4129 Congressum
667 4033 815 4120 Fortuna
836 4029 934 4099 tulit?
951 4055 1032 4099 num
1051 4033 1145 4128 regia
1162 4035 1250 4100 Juno
