3206 5136
404 459 462 516 ado
782 455 1083 514 annotationes

403 576 456 645 ait,
470 585 537 650 post
549 593 576 630 r.
590 575 624 632 31
637 573 837 629 collocaretur.
852 573 946 628 Docet
957 583 1059 647 poeta,
1073 573 1238 636 femininam
1251 597 1370 654 quoque
1382 597 1447 654 pro-

402 672 457 744 lem
471 668 526 743 ipsi
542 667 605 724 lore
618 667 710 722 latam
728 675 757 720 et
775 662 986 720 honorificam:
1000 684 1107 741 pueros
1121 667 1238 743 quidem
1251 670 1354 728 decere
1364 673 1446 747 magis

401 761 538 818 virtutem
550 771 580 816 et
592 759 668 816 iacta
679 757 812 832 publica,
825 767 855 812 at
869 775 905 814 ex
917 757 1029 833 ungine
1043 777 1109 816 eum
1122 763 1205 818 cetius
1222 763 1389 820 habiturum
1399 783 1448 820 ne-

400 863 499 928 potes,
512 853 551 910 ob
564 852 749 927 pubertatem
762 849 964 923 maturiorem,
977 861 1011 906 ut
1030 863 1107 908 recte
1121 854 1298 928 explicuerat
1310 857 1447 913 Dodwell

440 947 570 1004 Abantia
583 945 685 1000 elassr's
699 941 737 1020 (r.
754 939 970 1021 lb).'Euboioa.
989 945 1026 1001 ln
1038 945 1151 1003 Euboea
1172 947 1297 1017 Chalcis,
1317 951 1448 1024 Neapolis

402 1050 431 1097 et
445 1040 603 1097 Cumarum
614 1036 796 1111 metropolis.

403 1181 405 1186 .
445 1134 593 1190 Volucrem
612 1127 651 1209 (r.
668 1125 727 1208 td).
743 1130 923 1190 columbam.
937 1129 1013 1188 Vide
1026 1131 1065 1188 ad
1079 1151 1135 1202 ιιι,
1150 1133 1181 1202 5,
1197 1153 1243 1209 7p
1262 1167 1302 1178 --
1313 1137 1447 1192 Eumelis.

399 1225 510 1284 Eumeli
528 1222 588 1280 lilia
605 1241 666 1279 esse
678 1221 767 1278 debet
779 1222 962 1296 Parthenope
976 1242 983 1278 :
998 1223 1049 1280 scd
1061 1224 1132 1280 mibi
1145 1225 1261 1299 quidem
1277 1227 1395 1302 ignotus
1405 1228 1448 1284 hin

398 1318 521 1394 mythos.
536 1319 581 1375 De
595 1313 689 1392 effigie
701 1314 732 1370 in
749 1315 858 1390 templo
872 1315 1012 1390 loquitur.
1031 1349 1072 1360 —
1085 1321 1196 1374 Aetna.
1209 1319 1313 1378 Attin.

438 1424 533 1479 Patrii
539 1433 648 1478 seruate
656 1419 781 1476 Penates
791 1417 830 1498 (v.
842 1417 900 1498 54).
914 1421 959 1477 De
972 1420 1018 1477 his
1031 1421 1090 1497 egit
1103 1423 1249 1493 Gronov„
1261 1442 1291 1498 p.
1306 1441 1365 1500 apo
1378 1443 1446 1499 sqq,

398 1515 438 1572 ita
451 1525 485 1570 ut
493 1515 602 1589 pntnie
622 1515 742 1569 Penates
754 1513 855 1586 paullo
875 1511 979 1570 clarius
992 1512 1102 1570 dictum
1119 1512 1207 1570 luisse
1219 1506 1360 1590 appareat
1377 1535 1385 1570 ι
1402 1515 1446 1571 sed

398 1608 466 1665 ideo
488 1609 581 1663 solnm
594 1621 655 1663 non
677 1603 801 1662 debebat
817 1604 908 1680 recipi
931 1605 968 1662 ab
991 1605 1210 1663 recentioribus.
1234 1609 1343 1664 Cautus
1363 1608 1446 1683 magis

399 1711 460 1756 erat
481 1699 542 1773 ipse
558 1697 732 1754 Gronovius.
753 1728 794 1740 -
814 1697 880 1772 Seq.
901 1714 929 1752 ι.
950 1697 1093 1754 laboribus
1110 1709 1153 1754 eat
1174 1697 1379 1768 incommodis,
1394 1700 1446 1755 sla-

398 1791 487 1860 mnis3
507 1791 566 1846 vid.
579 1792 697 1850 Μιιιι.

439 1884 590 1957 tampade
597 1885 695 1957 pruina
704 1879 743 1961 (v.
753 1881 811 1962 59).
827 1885 872 1940 «Ι.
883 1903 908 1941 e.
922 1884 1007 1940 simul
1020 1893 1108 1958 atque
1121 1882 1198 1940 festae
1210 1883 1321 1957 nuptiis
1334 1883 1395 1956 ejus
1403 1883 1442 1938 ia-

398 1995 444 2032 ces
451 1976 624 2035 extollentur
634 1995 641 2030 :
650 1957 711 2033 siue
719 1988 853 2051 respecta
866 1977 904 2036 ad
917 1976 1058 2035 mundas
1070 1976 1194 2052 nuptias
1203 1999 1216 2027 ι
1224 1979 1374 2050 Gnon.,p.
1382 1975 1443 2049 289,

398 2069 450 2142 qui
462 2087 477 2124 e
490 2078 643 2142 poetarum
656 2067 768 2126 ratione
777 2069 919 2144 loquendi
932 2071 990 2126 hoo
1004 2068 1191 2126 demonstrat.

439 2164 531 2219 Caan.
546 2163 598 2218 IX.
615 2161 690 2218 cod.
704 2161 826 2238 Rhedig.
842 2183 850 2217 ε
864 2161 1110 2234 Hendeeasyllabi
1112 2160 1209 2231 jocosi
1223 2162 1267 2215 ad
1282 2163 1329 2217 Pl.
1353 2163 1443 2219 Gr.-

397 2279 409 2303 ιι
423 2253 496 2310 Mihi
508 2253 624 2310 videtur
639 2254 697 2309 hoc
711 2272 826 2310 carmen
839 2251 982 2310 aemulatio
996 2252 1177 2309 Catulliana:
1192 2269 1260 2307 nam
1276 2261 1306 2313 et
1325 2255 1443 2310 Catullus

396 2347 498 2403 eodem
513 2356 682 2422 argumento
696 2345 727 2401 iu
740 2344 862 2403 Calvum
881 2345 1081 2420 conqueritur,
1096 2343 1178 2419 quod
1196 2343 1252 2400 sibi
1269 2343 1378 2402 librum
1394 2345 1443 2402 mi-

397 2437 464 2494 serit
477 2437 507 2493 in
526 2437 727 2493 Saturnalibus
742 2455 798 2510 pro
812 2455 948 2507 munem
962 2453 1050 2493 carm.
1065 2455 1134 2506 xiv,
1156 2455 1190 2506 17
1207 2453 1215 2490 ε

538 2613 570 2662 ni
583 2612 674 2679 magni!
689 2611 832 2663 horribilem
841 2622 866 2664 et
876 2628 972 2664 aeuum
984 2611 1106 2674 libellum,

537 2699 617 2761 Quem
628 2706 655 2746 tu
666 2696 756 2747 scilicet
768 2695 801 2748 ad
813 2705 882 2748 tunm
896 2697 1018 2748 Catullum

539 2778 607 2830 Misti
617 2779 748 2842 contiuuo,
760 2789 786 2830 ut
801 2779 841 2830 die
851 2779 944 2847 perilot

535 2862 714 2925 setumalihus,
724 2861 817 2930 optimo
830 2861 933 2914 dierum
942 2887 956 2906 ι

395 3033 506 3088 Donrr.
521 3062 561 3073 —
574 3031 650 3090 «liic
663 3031 774 3090 Plotirn
789 3031 924 3107 Grypbus
937 3027 1000 3110 (seu
1016 3031 1142 3106 Gn'ppus
1150 3070 1161 3100 ,
1176 3050 1227 3088 seu
1242 3031 1388 3106 Griphus,
1400 3053 1445 3090 seu

396 3141 582 3200 quocumque
593 3124 711 3182 nominc
726 3122 846 3204 gaudet)
859 3123 911 3186 rix
922 3123 1001 3180 idem
1021 3141 1082 3180 esse
1094 3133 1206 3198 potest,
1222 3123 1276 3199 qui
1293 3124 1373 3198 apud
1392 3129 1445 3182 Tr-

395 3215 498 3287 citum,
513 3217 587 3272 Hist.
602 3236 643 3273 ιιι
656 3228 686 3274 et
698 3237 743 3289 ιι,
757 3217 886 3274 occurrit
899 3235 907 3272 ι
922 3217 1032 3292 quippe
1045 3215 1098 3272 iste
1107 3217 1244 3292 Gryphus
1256 3216 1383 3300 honores
1395 3219 1445 3274 suh

394 3309 570 3383 Vespasiano
585 3322 710 3388 gesserat
716 3332 726 3382 ;
738 3310 786 3367 hic
803 3329 874 3367 vero
888 3308 1001 3382 juvenis
1019 3321 1094 3380 erat,
1116 3308 1236 3386 quando
1258 3309 1442 3385 hendecasyl-

393 3401 474 3458 labos
488 3421 554 3458 cum
568 3403 660 3460 Statio
674 3401 745 3460 risit.
759 3403 868 3461 Noster
882 3403 1003 3460 sortasse
1015 3412 1076 3459 erat
1089 3399 1164 3458 filius
1177 3401 1275 3458 illius:
1290 3403 1371 3459 etita
1379 3421 1442 3459 sen-

393 3491 447 3548 tire
458 3493 518 3565 jam
531 3493 619 3552 video
634 3495 837 3566 Dodnellum,
851 3497 959 3551 Annat.
975 3493 1066 3563 Stat,
1081 3513 1105 3551 c.
1121 3513 1179 3550 rav.
1194 3518 1207 3546 n
1221 3495 1341 3550 bimur..

437 3599 475 3654 Te
484 3599 668 3657 Gennnnieua
676 3602 813 3658 arbitrm
821 3601 953 3678 sequenti
959 3603 1092 3658 Annonoe
1097 3601 1177 3657 dedit
1184 3597 1223 3678 (s.
1232 3599 1298 3679 ¹17).
1306 3601 1443 3677 «Sequens

393 3709 510 3765 amona
516 3702 558 3747 est
567 3690 670 3764 facilis,
677 3694 853 3768 obsequens,
863 3692 1002 3751 obediens
1008 3691 1194 3769 procuratori
1199 3691 1304 3750 Plotio.
1310 3716 1326 3744 a
1335 3693 1444 3762 Grion,

393 3783 445 3858 qui
459 3783 544 3839 docte
560 3784 597 3841 de
615 3786 672 3842 hoo
685 3806 740 3843 usu
754 3785 834 3844 vocis
846 3788 930 3863 sequi
943 3786 1095 3862 exposuit,
1107 3805 1137 3861 p.
1154 3787 1211 3861 296
1228 3805 1292 3861 sqq.

437 3890 521 3944 Bruti
539 3891 615 3947 senis
637 3893 820 3965 oscitationes
835 3890 874 3972 (r.
891 3889 950 3971 ao).
974 3893 1158 3969 «Intelligere
1177 3891 1293 3949 videtur
1310 3893 1444 3958 Bruma.

395 3979 447 4055 qui
460 3980 489 4036 in
503 3980 687 4058 philosophia
702 3994 817 4045 secutus
831 3995 874 4042 est
886 3986 1064 4044 Antiochum
1078 3984 1272 4044 ascalonitem
1282 3994 1312 4039 et
1324 3993 1444 4038 veterem

393 4073 591 4146 Academiam,
604 4077 801 4154 Antiochique
814 4078 930 4136 fratrem
946 4079 1159 4156 Emphyliurn.»
1173 4080 1284 4136 Donrr.
1300 4107 1340 4120 -
1353 4101 1366 4126 a
1382 4077 1445 4130 Non
