3094 5140
89 494 131 552 (v.
146 493 197 554 55.)
413 487 627 546 ΤΗΕΒΔΙΒο8
650 489 761 544 LIBER
784 489 819 543 X.

88 620 231 714 Jungit,
249 630 282 686 et
300 591 446 710 aggestis
464 611 604 708 vigilant
620 612 737 684 altaria
756 612 908 683 flammis.

92 739 242 834 Peplum
258 738 358 808 etiam
377 735 482 821 dono,
498 735 593 828 cnjus
610 733 764 804 mirabile
781 750 907 804 textum

91 859 201 929 Nulla
218 882 338 928 manus
358 855 501 942 sterilis,
520 879 582 924 nec
597 854 773 926 dissociata
787 858 909 925 marito

92 987 274 1066 Versarat,
290 978 430 1048 calathis
447 992 545 1048 casta
563 975 729 1048 velamina
744 979 838 1049 Divae

92 1100 198 1170 Haud
218 1098 408 1195 spernenda
428 1098 560 1182 ferunt,
578 1099 679 1168 variis
700 1099 757 1167 ubi
778 1097 920 1191 plurima
943 1099 1038 1168 ssoret

93 1227 253 1316 Purpura
273 1223 362 1314 picta
380 1219 508 1304 modis,
532 1220 705 1312 mixtoque
721 1218 914 1290 incenditur
930 1247 1022 1289 auro.

94 1347 174 1438 lpsa
198 1341 264 1410 illic
282 1342 395 1435 magni
415 1337 564 1412 thalamo
582 1339 749 1433 desponsa
768 1341 950 1446 Tonantis,

97 1469 229 1558 Expers
249 1459 430 1547 connubii,
450 1475 484 1530 et
505 1459 620 1529 timide
641 1463 788 1553 positura
807 1488 974 1550 sororem,

96 1588 244 1655 Lumine
262 1584 406 1653 demisso
426 1583 519 1675 pueri
538 1584 629 1650 Jovis
648 1580 763 1653 oscula
779 1580 862 1652 libat

95 1705 266 1800 Simplex,
283 1719 317 1774 et
336 1703 488 1774 nondum
508 1701 605 1775 furtis
620 1702 752 1773 offensa
775 1706 897 1774 mariti.
984 1747 986 1752 .

96 1833 174 1896 Hoc
190 1841 271 1894 tunc
290 1816 454 1919 Argolicae
471 1838 626 1893 sanctum
645 1813 810 1896 velamine
827 1840 952 1895 matres

97 1948 285 2017 induerant
303 1947 403 2030 ebur,
422 1959 456 2014 et
472 1943 628 2038 lacrymis
645 1961 836 2040 questuque
855 1948 1044 2043 rogabant:

149 2067 328 2160 «Adspice
348 2064 527 2160 sacrilegas
546 2064 702 2137 Cadmeae
721 2065 849 2160 pellicis
867 2092 979 2154 arces,

97 2188 227 2258 Siderei
250 2189 367 2282 regina
387 2184 474 2279 poli,
493 2185 729 2279 tumulumque
748 2187 905 2263 rebellem

97 2310 242 2404 Disjice‚
254 2325 293 2377 et
314 2310 349 2375 in
366 2307 499 2378 Thebas
517 2305 625 2392 aliud,
641 2322 755 2400 potes,
775 2324 894 2378 excute
914 2309 1053 2383 fulmen.
1074 2344 1089 2378 a

150 2429 244 2520 Quid
262 2428 382 2498 faciat?
400 2429 461 2496 scit
476 2427 542 2498 fata
561 2429 629 2498 suis
642 2415 811 2500 contraria
826 2432 953 2517 Graiis,

98 2559 332 2644 Aversumque
348 2553 465 2620 Jovem
484 2575 493 2618 ε
513 2548 571 2648 sed
589 2573 652 2622 nec
667 2553 806 2644 periisse
825 2569 982 2646 precatus

96 2677 273 2766 Tantaque
294 2669 383 2740 dona
400 2669 480 2738 velit
500 2695 508 2737 ε
531 2685 665 2763 tempus
684 2686 795 2742 tamen
816 2673 914 2742 obvia
934 2678 1046 2770 magni

98 2799 182 2864 Fors
199 2793 292 2861 dedit
306 2791 421 2860 auxilii
437 2818 444 2858 :
465 2791 557 2862 videt
573 2789 642 2866 alto
657 2817 699 2862 ex
715 2795 839 2864 aetbere
858 2793 972 2865 clausa

96 2916 242 3001 Moenia,
265 2928 299 2982 et
316 2913 462 2985 insomni
481 2909 605 2982 vallum
620 2916 764 2982 statione
780 2918 897 2985 teneri.

95 3037 381 3121 Horruitirarum
402 3032 562 3120 stimulis,
579 3048 740 3127 motaque
762 3035 947 3105 verendum

95 3156 261 3226 Turbavit
279 3154 431 3238 diadema
451 3174 546 3225 coma
565 3176 662 3234 :non
678 3157 795 3232 saevius
814 3160 910 3245 arsit,

95 3275 272 3345 Herculeae
291 3300 397 3369 quum
418 3275 535 3342 matris
551 3300 659 3362 onus,
682 3277 904 3376 geminosque
921 3280 1084 3372 Tonantis

95 3399 307 3468 Concubitus
327 3397 443 3466 vacuis
463 3386 700 3492 indignaretur
713 3399 748 3467 in
767 3400 875 3472 astris.
933 3373 935 3382 ,

94 3524 189 3615 Ergo
208 3521 415 3613 intempesta
432 3519 542 3604 somni
562 3517 741 3590 dulcedine
759 3535 875 3613 captos

95 3643 254 3711 Destinat
270 3639 397 3710 Aonios
413 3638 481 3709 leto
501 3639 649 3733 praebere
669 3665 849 3733 :suamque

97 3762 247 3832 Orbibus
267 3761 397 3856 accingi
416 3759 522 3829 solitis
539 3761 636 3854 jubet
654 3763 739 3849 Irin,
758 3778 790 3831 et
811 3787 913 3834 omne

95 3881 236 3953 Mandat
253 3907 340 3976 opus
360 3907 367 3948 :
386 3897 481 3975 paret
493 3883 594 3975 jussis
616 3887 685 3952 Dea
706 3881 813 3969 clara,
834 3884 1019 3980 polumque

96 4005 258 4100 Linquit,
281 4005 366 4074 etin
389 4019 495 4073 terras
514 4002 616 4099 longo
636 4004 856 4098 suspenditur
869 4033 959 4078 arcu.

146 4130 221 4196 Stat
239 4149 340 4220 super
360 4123 687 4202 occiduaencbulosa
705 4126 829 4196 cubilia
848 4131 975 4216 noctis,
