3094 5140
360 417 414 486 184
675 414 889 472 Tflenamos
909 413 1020 470 LtBEtt
1041 413 1077 470 X.
1297 413 1423 478 (1.315.)

356 547 420 616 Per
435 567 590 612 somnum
604 541 751 629 Thebas,
764 555 797 610 et
813 539 1060 610 Thiodamanta
1075 537 1216 608 videbat
1262 605 1266 612 .

405 662 536 752 Quarta
554 660 748 758 soporiferae
768 661 977 755 superabant
992 661 1275 754 temporanoeti,

296 800 299 808 “
355 784 472 871 Quum
492 807 605 851 vacue
624 781 745 869 nubes,
762 798 796 851 et
809 781 924 850 honor,
938 805 1006 849 non
1025 779 1313 867 omnibusastris,

354 903 564 998 Afflatnsque
584 903 670 998 fugit
687 927 789 972 curru
805 903 932 995 majore
948 905 1085 988 Bootes.

352 1026 497 1116 Jamque
516 1025 626 1118 ipsum
646 1020 767 1092 defecit
786 1046 888 1117 opus,
902 1045 1014 1116 ¹quum
1035 1019 1195 1116 providus
1215 1023 1321 1100 Actor

352 1142 600 1214 Thiodamanta
620 1161 718 1246 vocat
739 1145 883 1213 :uSatis
902 1144 973 1213 haec
992 1144 1132 1260 inopina
1144 1139 1298 1237 ,Pelasgis

353 1264 487 1335 Gaudia
504 1291 512 1333 :
532 1267 595 1340 viu¹
608 1263 696 1333 ullos
716 1278 810 1335 tanto
828 1290 905 1335 reor
926 1266 1061 1360 agmine
1081 1289 1199 1334 savam

351 1383 518 1481 Effugisse
538 1411 673 1475 necem,
692 1388 726 1454 ni
746 1411 831 1480 quos
850 1387 1010 1456 deformis
1030 1388 1065 1455 in
1085 1384 1153 1456 alto

353 1508 526 1602 Sanguine
541 1507 722 1602 degeneres
743 1507 890 1578 occultat
906 1509 975 1576 vita
994 1533 1003 1574 ι
1024 1507 1179 1576 secundis

351 1630 443 1696 Pone
461 1626 600 1696 modum
619 1643 779 1698 :suntet
799 1627 879 1698 diris
897 1653 957 1698 sna
976 1630 1117 1699 numina
1135 1628 1267 1698 Thebis.

350 1750 506 1818 Forsitan
524 1763 558 1816 et
577 1749 674 1818 nobis
693 1750 794 1819 modo
809 1748 1217 1843 quae.favere,.recedunt.
1238 1779 1255 1813 a

400 1871 535 1959 Paruit,
557 1884 591 1939 et
610 1869 760 1940 madidas
779 1869 898 1942 tollens
918 1871 959 1940 ad
981 1869 1090 1944 sidera
1110 1869 1238 1964 palmas
1260 1898 1268 1938 :

350 1990 523 2078 «Phoebe,
545 1991 604 2059 tibi
625 1993 761 2061 exuvias
780 2005 973 2061 monstratae
993 1990 1133 2084 praemia
1151 1993 1280 2079 noctis,

350 2111 511 2182 Nondum
530 2110 666 2200 ablutus
685 2115 798 2206 aquia,
817 2115 879 2183 tibi
899 2116 990 2183 enim
1010 2115 1081 2183 lraec
1100 2139 1163 2208 ego
1181 2138 1277 2183 sacra
1292 2112 1413 2201 litavi,

350 2230 463 2303 Trado
483 2232 573 2302 ferus
593 2233 689 2304 miles
706 2234 901 2328 tripodum,
921 2235 1074 2330 fidusque
1093 2235 1259 2306 sacerdos.

350 2357 385 2426 Si
405 2379 474 2425 non
494 2355 634 2426 dedecui
653 2345 714 2426 tua
726 2358 835 2450 jussa,
854 2355 985 2452 tulique
1002 2371 1225 2452 prementem,

351 2479 446 2570 Saepe
461 2480 562 2546 veni:
581 2502 669 2572 saepe
686 2479 773 2546 hanc
791 2476 931 2573 dignare
951 2479 1138 2572 irrumpere
1157 2492 1317 2548 mentem.
1341 2551 1344 2556 ,

351 2598 451 2667 Nunc
462 2599 523 2667 tibi
534 2597 658 2667 crudus
668 2599 791 2688 honos,
805 2614 925 2669 trunca
935 2623 1046 2688 arma,
1057 2623 1225 2692 cruorque
1236 2602 1386 2668 virorum
1401 2625 1416 2674 τ,

349 2721 395 2789 At
415 2721 540 2812 patrias
558 2720 742 2814 siquando
761 2720 908 2807 domos,
919 2735 1115 2816 optataque,
1133 2723 1250 2808 Paean,

351 2837 508 2934 Templa,
528 2841 646 2934 Lycie,
664 2839 773 2927 dabis,
793 2856 847 2910 tot
862 2841 945 2910 ditia
954 2831 1211 2912 'donasacratis

350 2959 524 3046 Postibus,
543 2977 577 3028 et
597 2959 737 3046 totidem
752 2964 987 3048 vvotimemor⁴
998 2963 1093 3056 exige
1110 2976 1234 3032 tauros.
1254 2993 1273 3028 a

401 3080 562 3169 Dixerat,
580 3096 614 3150 et
631 3079 714 3150 laetis
730 3084 838 3152 socios
855 3081 1036 3152 revocabat
1047 3082 1097 3158 ‚ab
1115 3084 1226 3178 armis.

350 3202 500 3269 Venerat
518 3200 580 3270 hos
598 3203 686 3271 inter
704 3202 774 3272 fato
793 3202 1000 3298 Calydonius
1016 3203 1167 3298 ,Hopleus
1186 3229 1216 3280 :¹

350 3321 593 3416 Maenaliusque
612 3322 894 3418 Dymas,.dilecti
915 3325 1051 3420 regibus
1073 3326 1189 3410 ambo,
1232 3393 1236 3398 .

349 3445 480 3538 Regum
501 3443 601 3513 ambo
621 3446 776 3533 comites,
789 3469 943 3539 quorum
956 3445 1178 3539 ,postfunera
1200 3445 1306 3514 moesti

349 3564 464 3632 Vitam
483 3563 704 3658 indignantur
723 3567 845 3660 :prior
861 3566 993 3636 Arcada
1013 3568 1161 3636 concitat
1179 3564 1355 3661 Hopleus:

349 3714 365 3748 a
384 3684 532 3756 Nullane
553 3701 629 3782 post
641 3713 770 3786 manes.
783 3687 872 3782 regis
890 3689 951 3758 tibi
962 3714 1051 3758 ¹cura
1068 3691 1227 3783 peremti,

349 3810 435 3877 Care
453 3807 585 3903 Dyma?
606 3825 743 3880 teneant
762 3835 862 3905 quem
878 3811 949 3903 jam
970 3809 1111 3896 fortasse
1130 3809 1283 3882 volucres

349 3929 568 4024 Thebanique
588 3955 687 4000 canes
708 3959 715 3998 :
737 3932 854 4026 patriae
869 3932 954 4024 quid
974 3931 1246 4018 deindeferetis,
1293 4005 1297 4010 .

349 4050 516 4120 Arcades?
536 4077 578 4122 en
597 4052 740 4122 reduces
759 4067 878 4122 contra
900 4053 995 4122 venit
1012 4078 1133 4148 aspera,
1146 4068 1253 4122 mater
1273 4081 1302 4134 ;,,
