3080 5136
320 497 364 553 IN-
383 500 415 553 P.
436 499 467 553 P.
489 498 616 556 STATll
636 499 744 556 THEB.
768 500 840 555 Llll.
862 498 931 555 ΧΗ.
1093 499 1150 568 345

43 629 46 632 ·
88 625 236 692 tangatur
249 615 306 671 boc
319 615 386 672 loco
400 617 517 692 mythos
531 616 635 692 aliquis
647 616 685 674 de
698 617 826 693 Olyntho
838 618 941 688 beroe,
961 637 1045 693 quem
1059 620 1153 695 Olyn-

86 707 176 763 thios
190 725 313 782 quoquo
326 707 417 764 modo
431 708 650 766 Atheniensium
670 709 758 766 rebus
771 709 899 792 antiquis
917 709 1076 767 immiscere
1091 722 1153 769 stu-

91 799 196 857 duisse
216 801 368 874 probabile
386 811 437 857 est.
459 803 549 875 Cujus
570 801 613 858 rei
635 821 673 858 an
691 801 812 878 vestigia
839 812 950 858 exstent
970 802 1000 858 in
1022 813 1153 860 veterum

89 891 272 967 scriptorum
289 892 436 968 reliquiis,
455 913 585 969 quaerere
603 913 681 950 nunc
699 913 760 951 nou
781 905 879 968 vacat,
897 915 994 970 neqrre
1005 897 1154 970 'Voemelii

93 994 131 1040 et
142 984 166 1041 si
180 985 231 1060 qui
244 984 293 1041 alii
311 986 348 1043 de
362 987 491 1061 Olyntho
505 986 595 1044 libelli
608 987 646 1044 ad
658 1005 775 1043 manum
790 997 865 1044 sunt

139 1079 223 1138 Hunc
234 1081 323 1155 uulgo
337 1077 376 1157 (v.
388 1077 468 1164 51¹2).
478 1080 555 1136 Bene
563 1080 647 1136 Web.
658 1099 694 1136 ex
708 1082 775 1137 Pll:
791 1103 807 1130 e
816 1080 894 1152 Huc,
910 1080 1155 1155 vulgo.....1)eve-

93 1169 192 1228 ninnt.
204 1193 220 1221 a
233 1172 335 1227 Paullo
348 1182 431 1245 post,
444 1188 472 1226 v.
491 1169 548 1239 511.
559 1215 568 1244 ,
581 1172 696 1248 egregie
705 1172 839 1229 Barthius
853 1171 985 1228 distinxit
998 1191 1006 1226 ι
1024 1172 1083 1228 Via
1092 1173 1133 1229 ibi
1144 1194 1154 1227 .-

95 1263 227 1331 sedatis,
243 1274 313 1335 eta,
329 1273 359 1320 et
375 1263 516 1320 sententia
533 1264 699 1339 postulante
713 1264 793 1321 etde
812 1283 893 1320 more
907 1263 1000 1321 Statii.

141 1355 304 1412 Emendare
317 1355 356 1433 (v.
377 1353 456 1434 551).
471 1379 488 1410 e
501 1356 655 1433 Castigare.
669 1359 814 1415 Putabant
829 1357 905 1416 enim
923 1375 953 1413 se
966 1354 1118 1432 perfidiam
1126 1366 1155 1414 et

94 1448 248 1509 libidinem
262 1451 469 1508 Thebanorum
484 1449 673 1527 castigaturos
692 1471 701 1507 ε
724 1470 785 1527 quo
799 1452 877 1507 lacto
897 1460 1034 1526 poterant
1053 1469 1156 1526 super-

97 1540 184 1614 dere,
193 1563 285 1618 quum
297 1543 355 1600 sint
367 1542 602 1601 inemendabiles.
613 1567 626 1595 s
636 1545 739 1600 Gnoso.
748 1545 782 1600 V.
792 1543 914 1618 praeced.
925 1545 996 1620 Reg.
1011 1562 1036 1612 r,
1044 1545 1154 1600 moveri.

143 1637 449 1712 Alimeneoqueoestm
463 1622 502 1714 (a.
519 1633 597 1715 557).
613 1637 766 1694 «Cereales
779 1636 891 1713 fruges,
905 1657 922 1692 a
931 1636 1015 1694 vobis
1028 1637 1155 1694 hnmano

97 1727 200 1807 generi
217 1727 476 1786 communicatas.»
490 1731 591 1786 Gnoso.

139 1823 208 1880 laea
223 1821 352 1878 corninus
366 1818 407 1898 (v.
425 1819 505 1898 565).
520 1823 576 1877 ΜΒ
590 1831 619 1878 et
632 1821 706 1878 alius
725 1841 733 1878 ε
750 1843 766 1873 α
773 1821 889 1894 jamque
901 1823 1029 1891 emanas,
1041 1847 1054 1872 a
1072 1824 1157 1898 quod

96 1915 208 1992 probat
220 1915 319 1970 Barth.
337 1914 376 1970 ob
394 1933 421 1970 r.
439 1913 512 1985 aaa,
527 1925 557 1971 et
571 1912 887 1990 reposuit'Waltefield
902 1917 945 1970 ad
959 1917 1085 1983 Lueret,
1106 1933 1157 1987 vr,

104 2015 191 2075 ¹²¹4-
207 2010 243 2065 ln
258 2010 336 2085 vulg.
353 2009 488 2082 suppleas
504 2029 511 2063 ι
527 2028 592 2084 quae
604 2018 680 2066 snut.

145 2099 289 2174 Quantum
300 2101 403 2157 eleusin
420 2097 459 2179 (v.
476 2099 555 2178 668).
569 2101 663 2158 Iidem
678 2120 685 2156 :
700 2101 873 2172 «Quantum
887 2102 984 2156 etiam.
993 2123 1009 2151 s

105 2259 109 2266 ,
142 2192 344 2270 Ambospiea
358 2191 396 2270 (v.
414 2193 491 2271 582).
508 2195 631 2266 Hecale,
646 2213 711 2269 quae
725 2194 936 2250 adolescentem
945 2193 1088 2248 Theseum
1103 2193 1156 2249 ho-

99 2283 190 2361 spitio
204 2296 353 2361 acceperat
367 2287 479 2363 (Paua,
500 2288 534 2344 V.
550 2287 645 2353 Uter..
657 2306 681 2344 c.
695 2283 769 2365 nx).
784 2287 844 2344 Sed
861 2304 987 2362 quaeres
1003 2285 1051 2342 bic
1061 2286 1157 2361 respi-

99 2378 206 2451 ciatur,
219 2379 361 2437 nonsatis
379 2380 536 2456 cognitum.
657 2391 658 2394 ’

146 2474 291 2529 Pennotus
302 2471 486 2549 ἱασιγιηιζςβ.
507 2470 587 2548 689).
608 2465 663 2530 ΜΒ
687 2493 694 2529 :
710 2474 801 2529 Peene
815 2490 929 2528 movens
941 2476 1094 2545 lacrymas.

144 2565 264 2643 Phegeu
278 2563 316 2641 (v.
327 2562 407 2644 596).
422 2569 477 2622 ΜΒ
490 2577 520 2623 et
533 2567 604 2623 Beh.
614 2584 632 2621 2
641 2587 649 2621 ε
659 2566 788 2640 Phlegra
793 2606 804 2634 ,
814 2575 848 2621 ut
861 2567 957 2638 plures
970 2564 1040 2620 libri
1048 2585 1074 2621 v.
1088 2565 1156 2624 681.

142 2660 240 2715 Meno
252 2657 375 2730 utycos
390 2655 429 2734 (v.
445 2658 525 2734 606).
539 2660 585 2715 De
597 2657 740 2732 anguibus
754 2657 891 2732 incapite
909 2657 1046 2714 Medusae.

142 2751 224 2807 Ileus
237 2747 275 2827 (v.
287 2745 367 2825 622).
384 2751 452 2821 ΜΒ,
467 2753 564 2806 Bnrm.
583 2769 608 2820 1,
624 2768 641 2805 u
657 2750 786 2821 Behott.‚
801 2767 818 2804 n
833 2753 940 2826 negg:
951 2753 1055 2817 Alcas,
1075 2751 1158 2808 etsie

102 2846 181 2901 luet
190 2842 431 2917 trs,1³aris.‚qui
441 2843 528 2899 verbu
538 2853 615 2899 recte
631 2841 671 2898 ita
685 2841 830 2917 concipit:
845 2866 861 2896 ι
875 2843 1002 2913 Quidam
1016 2843 1094 2900 hunc
1107 2863 1157 2901 re-

102 2956 167 3012 gem
178 2937 282 2992 volunt
290 2953 350 2992 esse
359 2937 461 3012 Tegeae
470 2978 479 3006 ,
495 2936 743 3006 auxiliarem,non
757 2935 850 2992 civem
872 2935 918 3012 [sc.
934 2935 1129 3013 Athenaruml.
1145 2961 1158 2986 υ

103 3028 162 3086 Sed
178 3029 281 3086 falsum
297 3027 370 3099 hoc,
387 3029 456 3102 quia
473 3029 562 3084 Aleos
578 3029 703 3084 Athenas
714 3027 880 3101 pervenisse
899 3046 1041 3102 nusquam
1058 3029 1158 3101 perhi-

103 3121 198 3178 betur.
218 3117 385 3176 Lectionem
408 3123 486 3176 Ileus
500 3119 673 3194 interpretes
693 3119 843 3176 deducunt
855 3120 893 3175 ab
916 3121 981 3191 llei,
995 3119 1054 3175 sire
1066 3129 1159 3194 Εἱλιοὶ,

106 3212 188 3288 quod
200 3221 286 3292 χωρίον
296 3223 437 3269 memorat
453 3215 590 3284 Pansam,
608 3232 650 3284 rr,
667 3211 718 3282 34,
735 3217 751 3282 ς
768 3220 784 3280 4
805 3234 812 3269 :
829 3212 969 3287 seuquid
980 3212 1029 3268 hic
1042 3213 1158 3270 sibive-

104 3305 160 3361 lint
170 3303 409 3362 Herrnionenses?
421 3307 455 3361 In
470 3305 673 3363 Hermionensi
682 3305 759 3362 enim
768 3323 839 3380 agro
850 3311 930 3366 absai
938 3305 987 3361 siti
994 3315 1068 3362 sunt.
1080 3306 1159 3362 Nihil

105 3397 193 3474 igitur
214 3411 324 3455 restare
344 3397 461 3455 videtur
480 3417 567 3472 quam
586 3410 620 3454 nt
641 3401 743 3454 Aloeas
761 3397 932 3467 scribamus,
955 3415 971 3453 e
987 3401 1062 3476 δήμῳ
1081 3399 1159 3471 daal,

105 3477 207 3561 harad<
221 3490 280 3547 sire
293 3493 399 3572 imile,
413 3503 545 3566 correpta
558 3491 719 3568 penultima
733 3491 771 3546 ob
785 3503 844 3565 seq.
862 3491 999 3548 vocalem.

150 3584 290 3640 stolumo
303 3583 340 3659 (v.
356 3583 435 3662 638).
448 3586 504 3640 ΜΒ
522 3605 529 3640 :
545 3585 690 3642 tholomei.
705 3583 808 3640 Alius:
833 3584 940 3640 Veneri.
1062 3639 1069 3650 ,

146 3678 300 3733 Poenanem
319 3678 445 3732 exercitu
465 3677 568 3734 Thebis
580 3675 618 3754 (r.
634 3675 712 3752 646).
730 3694 747 3731 u
767 3676 865 3732 Barth.
882 3685 911 3731 et
933 3674 1027 3731 alius:
1050 3697 1066 3726 ι
1080 3675 1158 3730 The-

107 3771 204 3826 barum
217 3769 343 3826 exercita
349 3771 463 3846 poenie,
481 3793 497 3822 s
512 3787 673 3845 perperam.

147 3867 290 3937 Angrartnt
308 3866 410 3940 clypeo
431 3861 469 3939 (v.
486 3861 568 3940 666).
592 3863 683 3932 «Qua
697 3860 746 3916 ille
768 3859 918 3935 procedit,
935 3859 1092 3916 densantur
1106 3877 1159 3938 ag-

107 3956 184 4012 mina
202 3956 242 4013 oh
257 3955 319 4029 ejus
338 3957 451 4014 molem.
463 3979 478 4008 a
497 3959 596 4013 Gnoso.
612 3953 789 4011 inocentii
808 3952 943 4030 :agmina
966 3951 1089 4010 includit
1110 3951 1158 4007 in-

107 4050 216 4122 sculpta
233 4048 317 4105 brevi
332 4050 443 4124 clypeo.

149 4141 200 4197 Br's
210 4141 321 4198 Thesea
336 4141 373 4219 (v.
385 4139 464 4220 673).
477 4143 586 4218 Supple
595 4160 611 4198 c
621 4140 819 4216 superioribus
836 4161 843 4197 ε
859 4136 1046 4198 terrorestiis
1052 4135 1159 4194 videre.
