3172 5142
406 511 442 570 82
738 512 950 569 mimos
971 511 1081 568 unm
1103 512 1153 566 vl.
1343 507 1378 570 (v.
1394 527 1429 568 77

405 641 438 706 Is
459 639 552 732 vigor
573 639 727 733 ingenio,
746 651 839 706 tanta
856 638 1061 730 experientia
1077 634 1200 704 dextrae
1215 648 1284 720 est,

406 756 505 827 Ultro
524 757 631 828 audax
649 759 768 827 animis
787 759 955 849 intratque
974 772 1009 826 et
1026 756 1221 841 obumbrat,
1239 770 1274 822 et
1292 753 1363 822 alte

406 879 536 965 Assilit3
556 894 595 948 ut
613 903 759 974 praeceps
777 877 914 948 cumulo
932 876 1010 946 salit
1028 877 1121 946 unda
1138 879 1302 946 minantes

381 1079 384 1086 q
405 1003 444 1068 In
466 999 641 1094 scopulos,
662 1013 694 1067 et
715 998 819 1067 fracta
840 998 945 1083 redit,
966 999 1014 1066 sic
1032 997 1087 1068 ille
1106 997 1271 1068 furentem

405 1121 535 1190 Circuit
553 1143 750 1215 expugnans
768 1117 882 1188 :levat
900 1143 993 1206 ecce,
1012 1117 1140 1212 diuque
1157 1119 1305 1187 minatur

404 1241 444 1308 In
464 1239 569 1324 latus,
582 1242 689 1332 *inque
711 1237 826 1308 oculos
847 1237 968 1308 :illum
989 1238 1099 1331 rigida
1116 1263 1209 1308 mma
1227 1255 1408 1308 caventem

405 1364 551 1446 Avocat,
569 1375 602 1428 et
616 1329 773 1428 manibus
791 1360 994 1453 necopinum
1011 1360 1180 1428 interserit
1200 1361 1302 1429 ictum

409 1478 577 1566 Callidus,
598 1503 638 1549 ac
658 1479 804 1548 mediam
820 1479 974 1574 designat
992 1477 1130 1549 vulnere
1146 1479 1300 1550 frontem.

455 1602 529 1667 Jam
550 1625 668 1682 cruor,
691 1615 725 1667 et
742 1599 859 1694 tepido
873 1601 1049 1694 signantur
1068 1615 1221 1696 tempora
1240 1604 1323 1671 rivo.

409 1720 521 1790 Nescit
530 1719 640 1790 adltuc
654 1723 846 1814 Capaneus,
859 1720 1076 1814 subitumque
1086 1747 1147 1815 per
1157 1725 1291 1817 agmina
1308 1749 1465 1793 mnnnur

407 1841 576 1909 Miratur:
595 1864 712 1909 verum
734 1854 771 1908 ut
789 1840 909 1912 fessam
929 1865 1032 1936 super
1049 1867 1110 1910 ora
1130 1842 1262 1912 reduxit

408 1963 508 2028 Forte
526 1985 681 2044 manum,
697 1975 730 2029 et
746 1986 877 2030 summo
896 1961 1046 2032 maculas
1062 1965 1095 2031 in
1116 1961 1239 2033 vellere
1256 1965 1364 2053 vidit,

408 2083 487 2150 Non
507 2079 579 2169 leo,
598 2106 669 2150 nou
680 2081 793 2175 jaculo
813 2097 947 2152 tantum
965 2083 1138 2178 indignata
1155 2100 1287 2178 recepto

408 2203 519 2298 Tigris
535 2229 543 2270 ε
559 2203 628 2298 agit
646 2218 717 2272 toto
739 2201 912 2274 cedentem
931 2203 1079 2274 fervidus
1098 2230 1178 2275 arvo

409 2324 662 2417 Praecipitatquc
682 2338 771 2394 retro
790 2325 971 2417 juvenem,
992 2339 1095 2420 atque
1111 2328 1145 2394 in
1167 2343 1259 2423 terga
1277 2331 1434 2424 supinat,

409 2443 576 2516 Dentibus
595 2443 802 2512 horrendum
824 2443 986 2529 stridens,
1008 2448 1222 2542 geminatque
1239 2464 1367 2520 rotatas

298 2641 301 2648 ¹
409 2561 679 2658 Multiplicatque
696 2589 816 2634 manus
836 2591 845 2633 ε
863 2568 1000 2660 rapiunt
1016 2568 1194 2638 conamina
1216 2571 1325 2658 venti,

409 2687 488 2753 Pars
506 2683 595 2752 cadit
615 2685 648 2755 in
668 2699 785 2754 caestus
802 2711 809 2752 :
827 2701 922 2754 motu
943 2690 1129 2781 Spartanus
1145 2705 1243 2761 acuto

410 2802 504 2872 Mille
524 2818 619 2872 cavet
640 2803 749 2898 lapsas
770 2806 897 2874 circum
918 2831 1002 2876 cava
1022 2823 1172 2904 tempora
1190 2826 1332 2901 mortes,

410 2922 611 3018 Auxilioque
631 2923 779 3018 pedum:
801 2926 877 3014 sed,
899 2952 967 2996 non
987 2941 1099 2998 tamen
1119 2931 1295 3000 immemor
1314 2937 1417 3022 artis,

307 3129 310 3136 Ι
408 3043 578 3118 Adversus
599 3043 704 3140 fugit,
722 3060 756 3115 et
772 3047 903 3142 fugiens
921 3063 1032 3118 tamen
1051 3051 1172 3120 ictibus
1193 3053 1316 3123 obstat.

458 3168 502 3234 lit
520 3167 591 3259 jam
611 3181 791 3260 nitrumque
811 3167 918 3255 labor,
937 3172 1148 3266 suspiriaque
1167 3198 1255 3269 segra
1277 3175 1434 3272 fatigant.

409 3285 551 3356 Tardius
571 3285 625 3356 ille
647 3289 793 3380 premit:
812 3313 874 3358 nec
890 3291 964 3383 jam
979 3291 1034 3360 hic
1052 3293 1212 3364 absistere
1228 3295 1350 3367 velox:

411 3406 609 3499 Defectique
627 3409 726 3478 ambo
746 3410 904 3502 genibus,
927 3414 1118 3506 pariterque
1134 3417 1302 3509 quierunt.

460 3527 514 3596 Sic
533 3526 592 3595 ubi
610 3526 712 3624 longa
733 3555 836 3624 vagos
853 3529 1022 3602 lassarunt
1041 3559 1177 3628 equora
1197 3553 1336 3627 nautas,
1370 3591 1371 3596 η

415 3651 459 3715 Et
477 3649 573 3742 signo
592 3647 634 3718 de
654 3675 767 3744 puppe
785 3650 864 3720 dato
883 3676 1026 3746 posuere
1044 3680 1225 3752 paru-per

412 3768 573 3855 Brachia3
593 3771 648 3838 vix
666 3773 819 3868 requies,
835 3773 907 3865 jans
924 3797 994 3843 uox
1007 3777 1073 3844 ciet
1090 3776 1196 3848 altera
1212 3807 1335 3852 remos.

462 3890 549 3958 Ecce
565 3890 686 3962 iterum
703 3891 881 3962 immodice
903 3897 1091 3966 venientem
1110 3897 1234 3988 eludit,
1253 3918 1288 3972 et
1305 3907 1378 3976 exit

413 4013 540 4106 Sponte
559 4035 676 4100 ruens,
695 4038 891 4109 mersusque
909 4016 1056 4087 humeris
1076 4047 1085 4088 ε
1104 4019 1296 4093 effunditur
1314 4025 1374 4096 ille

413 4133 452 4198 ln
473 4147 574 4226 caput
590 4157 602 4206 ⁴:
623 4151 850 4230 assurgentem
870 4135 936 4206 alio
959 4163 1044 4233 puer
1063 4142 1237 4236 improbus
1255 4146 1324 4215 ictu

1439 511 1473 570 ἱ)
