3094 5140
401 483 457 550 254
705 479 921 538 fflunnrnos
943 479 1056 536 unna
1077 481 1146 538 ΧΗ.
1340 482 1430 544 (ests.)

399 614 474 679 Jarn
493 631 618 703 prope,
634 607 706 700 jam
724 605 854 674 medios
871 605 1006 701 operire
1022 606 1221 675 cohortibus
1238 631 1336 702 agros

399 729 615 825 Ingeminant
633 752 641 795 :
660 727 753 796 stetit
770 727 932 821 ambiguo
949 725 1131 796 Thebanus
1149 727 1185 795 in
1203 742 1288 796 aestu

400 855 591 937 Cnrarum,
608 861 799 942 nutantque
820 848 935 934 minae,
955 863 991 917 et
1011 848 1107 943 prior
1125 850 1176 919 irs
1194 855 1343 944 tepescit.

448 975 546 1042 Tunc
563 969 677 1040 firmat
694 993 785 1058 sese,
804 969 1013 1065 fictumque,
1032 995 1071 1040 ac
1090 971 1185 1040 triste
1202 973 1376 1042 renidens:

400 1096 583 1162 «Parvane
599 1092 795 1186 prostratis,
813 1092 943 1186 inquit,
962 1090 1168 1161 documenta
1184 1095 1336 1186 Mycenis

400 1213 599 1284 sanximus?
616 1237 660 1282 en
679 1214 824 1302 iterum,
845 1214 904 1308 qui
922 1215 1046 1282 moenia
1065 1229 1182 1282 nostra
1198 1213 1365 1284 lacessant

398 1337 591 1430 Accipimus
608 1361 617 1404 τ
635 1336 795 1420 veniant3
814 1334 873 1405 sed
894 1359 938 1404 ne
958 1351 1037 1431 post
1056 1334 1144 1405 bella
1162 1351 1355 1429 querantur.

398 1461 470 1528 Lex
490 1456 608 1528 eadem
629 1457 737 1526 victis.
756 1485 773 1522 a
790 1458 911 1526 Dixit:
927 1456 987 1526 sed
1006 1455 1146 1551 pulvere
1163 1483 1279 1527 crasso

398 1578 554 1674 Caligare
571 1578 680 1666 diem,
695 1592 730 1647 et
746 1577 867 1674 Tyrios
882 1578 964 1672 juga
983 1577 1125 1672 perdere
1145 1593 1277 1648 montes

399 1701 574 1796 Adspicit:
590 1703 715 1770 armari
733 1699 877 1796 populos
898 1715 1026 1789 tamen,
1046 1725 1207 1795 arnaaqne
1226 1701 1305 1770 ferri
1408 1789 1411 1805 .

398 1825 474 1917 Ipse
492 1821 591 1916 jubet
609 1819 756 1917 pallens,
773 1820 960 1915 mediaeque
979 1826 1014 1889 in
1034 1820 1170 1892 sedibus
1189 1820 1277 1892 aulae

398 1941 604 2018 Eumenidas
624 1942 772 2029 subitas,
795 1941 999 2036 flentemque
1017 1945 1194 2012 Menoecea
1212 1942 1318 2012 cernit

398 2062 584 2150 Turbidus,
600 2063 843 2157 impositosque
860 2063 951 2156 rogis
969 2060 1115 2157 gaudere
1132 2061 1300 2159 Pelasgos.

447 2185 534 2273 Quis
551 2183 614 2253 luit
632 2181 688 2252 ille
703 2181 793 2272 dies,
814 2197 910 2252 tanto
929 2207 1036 2276 quum
1056 2184 1227 2277 sanguine
1247 2182 1362 2252 Thebis

398 2308 468 2374 Pax
485 2306 623 2374 inventa
642 2301 753 2397 perit?
772 2303 891 2398 patriis
910 2303 1013 2372 modo
1032 2302 1099 2374 lixa
1117 2303 1287 2374 revellunt

398 2430 503 2496 Arma
522 2426 620 2512 Deis,
640 2421 834 2520 clypeisque
853 2423 1028 2494 obducunt
1045 2440 1183 2520 pectora
1202 2425 1333 2513 fractis,

400 2551 443 2618 Et
462 2545 574 2644 galeas
591 2544 752 2635 humiles,
771 2561 805 2615 et
826 2546 938 2616 adhuc
954 2546 1125 2616 sordentia
1137 2547 1223 2649 ‚tabo

400 2667 558 2763 Spicula:
575 2693 644 2737 non
658 2669 828 2764 pharetris
841 2669 1037 2761 quisquam,
1052 2692 1121 2736 non
1136 2692 1215 2738 ense
1233 2669 1375 2750 decorus,

400 2793 480 2861 Non
497 2788 702 2884 'spectandus
720 2813 831 2883 equo:
850 2790 949 2860 cessit
966 2789 1089 2860 fiducia
1106 2789 1209 2860 valli:

400 2915 578 2982 Mororum
600 2925 695 3006 patet
715 2935 816 2980 omne
836 2909 943 2997 latus,
962 2912 1149 2981 munimina
1171 2929 1278 3006 porte

400 3037 596 3128 Exposeunt
612 3057 621 3100 a
639 3033 733 3127 prior
749 3032 856 3101 hostis
874 3031 998 3102 habet:
1015 3032 1149 3128 fastigia
1168 3033 1306 3119 desunt,

401 3155 534 3248 Dejecit
553 3156 732 3246 Capaneus
749 3179 758 3221 ε
777 3154 954 3249 exsanguis
971 3167 1005 3222 et
1022 3179 1111 3248 aegra
1125 3155 1284 3248 juventus

401 3279 474 3346 Jam
492 3300 553 3345 nec
571 3275 789 3370 conjugibus,
805 3299 961 3370 suprema
980 3301 1042 3346 nec
1060 3275 1177 3346 oscula
1195 3278 1282 3346 natis

401 3398 536 3492 longit,
558 3411 590 3466 et
609 3397 745 3466 attoniti
765 3395 812 3465 nil
829 3412 989 3493 optavere
1009 3413 1176 3492 parentes.

453 3519 585 3588 Atticus
605 3533 641 3587 at
657 3533 795 3606 contra,
810 3519 912 3614 jubar
930 3534 968 3588 ut
986 3517 1168 3590 clarescere
1187 3520 1294 3614 ruptis

402 3640 579 3728 Nubibus,
597 3654 631 3709 et
651 3639 756 3710 solem
771 3641 891 3735 primis
912 3641 1064 3736 adspexit
1081 3643 1116 3710 in
1133 3643 1255 3728 armis,

402 3759 526 3832 Desilit
547 3763 582 3830 in
602 3786 777 3856 campum,
796 3765 855 3858 qui
874 3763 989 3833 subter
1009 3765 1134 3834 muenia
1152 3763 1262 3833 nudos

402 3890 560 3953 Asservat
577 3909 694 3954 manes
711 3911 718 3954 :
735 3885 882 3978 dirisque
901 3888 1082 3981 vaporibus
1102 3911 1228 3982 aegrum

404 4010 493 4075 Aera
514 4005 671 4100 pulverea
692 4010 827 4102 penitus
845 4009 908 4076 sub
929 4009 1056 4079 casside
1074 4009 1200 4079 ducens

403 4130 568 4220 Ingemit,
587 4143 620 4197 et
637 4130 744 4224 justas
762 4129 839 4200 belli
860 4131 1053 4200 flammatur
1070 4133 1103 4200 in
1123 4132 1197 4200 iras.
