3094 5140
386 491 443 546 256
682 489 900 548 antemos
920 489 1033 546 LIBER
1056 492 1136 546 ΧΠ.Ι
1243 479 1248 488 ’
1329 491 1443 554 (nata.)

385 615 573 686 Continuat
593 641 601 682 :
620 613 748 684 serrum
772 612 958 686 consumsit
976 630 1114 710 pectore
1132 615 1292 704 Phyleus,

385 738 455 806 Ore
477 733 661 805 momordit
669 733 820 830 Helops,
837 736 982 806 humero
1002 735 1187 806 transmisit
1204 740 1315 830 Iapyx.

432 859 573 951 Jamque
590 870 626 925 et
643 857 847 952 quadrijugo
864 855 991 927 celsum
1008 857 1094 953 petit
1113 861 1273 926 Haemona
1289 881 1418 942 curm,

384 975 670 1071 Horrendumque
689 1002 793 1047 manu
810 974 916 1048 telum
932 993 1022 1050 rotat
1042 1005 1050 1046 :
1070 976 1127 1047 ille
1145 992 1303 1073 paventes

384 1097 584 1193 obliquavit
602 1124 728 1194 equos:
744 1099 848 1195 longo
866 1098 996 1196 perlata
1014 1116 1133 1170 tenore

294 1269 295 1276 κ
384 1221 533 1291 Transiit
550 1221 647 1291 hasta
665 1219 775 1292 duos:
792 1221 927 1291 sitiebat
943 1217 1087 1290 vulnera
1106 1246 1168 1291 nec
1189 1247 1255 1290 non
1280 1279 1284 1284 .

384 1344 516 1432 Tertia,
535 1341 595 1412 sed
612 1342 724 1412 medio
742 1343 854 1438 cuspis
873 1358 1008 1412 temone
1026 1357 1157 1412 retenta
1178 1356 1237 1412 est.

434 1462 500 1535 Sed
519 1462 628 1533 solum
647 1464 753 1552 votis,
772 1461 882 1534 solum
902 1463 1049 1536 clamore
1066 1462 1239 1534 fremendo

385 1585 751 1656 Omnibusin'turmis
767 1600 931 1681 optatque
947 1600 1114 1680 vocatque
1131 1589 1286 1656 Creonta.

383 1712 495 1802 Atque
512 1709 603 1776 bunc
621 1706 754 1778 diversa
773 1706 941 1778 bellorum
956 1710 991 1777 in
1010 1706 1122 1782 fronte
1137 1705 1302 1802 maniplos

385 1833 587 1900 Hortantem
606 1829 722 1916 dictis,
741 1827 932 1922 frustraque
952 1843 1100 1898 extrema
1119 1830 1303 1898 minantem
1330 1883 1336 1892 .

385 1951 584 2046 Conspicit:
603 1949 791 2020 abscedunt
809 1952 968 2040 comites,
987 1965 1021 2020 et
1037 1951 1169 2021 Thesea
1184 1949 1267 2043 jussi

386 2074 623 2167 Linquebant,
640 2072 785 2167 fretique
800 2075 1021 2168 Deis,.atque
1039 2074 1146 2167 ipsius
1163 2073 1274 2140 armis.

385 2194 446 2266 ille
466 2208 577 2280 tenet,
598 2209 801 2288 revocatque
818 2219 898 2264 suos
914 2193 1045 2288 :utque
1064 2219 1160 2289 equa
1179 2194 1308 2263 notavit

385 2320 473 2389 Hinc
493 2333 593 2413 atque
612 2318 693 2388 binc
712 2317 808 2406 odia,
828 2332 977 2388 extrema
996 2342 1031 2387 se
1050 2315 1180 2412 colligit
1199 2319 1264 2406 ira,

385 2446 460 2512 Jam
476 2438 574 2510 letale
590 2439 721 2530 furens,
736 2455 837 2534 atque
855 2439 965 2510 audax
980 2453 1089 2508 morte
1106 2437 1219 2508 sutura
1235 2465 1243 2505 ε
1268 2491 1272 2498 .

386 2593 404 2628 a
419 2565 499 2635 Non
517 2587 595 2632 cum
614 2561 795 2657 peltiferis,
812 2563 878 2650 ait,
894 2561 965 2632 haec
980 2562 1042 2630 tibi
1059 2586 1174 2657 pugna
1193 2557 1331 2656 puellis,

362 2712 367 2724 ·
386 2687 562 2780 Virgineas
582 2675 644 2767 uec
663 2683 762 2754 crede
783 2709 901 2753 manus
918 2710 926 2752 :
942 2684 998 2754 hic
1016 2683 1121 2753 cruda
1140 2685 1290 2752 virorum

385 2806 529 2876 Proelia:
548 2832 610 2876 nos
627 2830 789 2900 magnum
806 2807 864 2899 qui
880 2804 1011 2901 Tydea,
1031 2806 1160 2899 quique
1174 2803 1343 2874 furentem
1366 2855 1370 2864 .

386 2927 658 3022 Hippomedonta
676 2928 749 2996 neci
759 2979 777 3013 „
789 2929 1011 3020 Capaneaque
1028 2927 1180 2996 misimus
1196 2925 1326 2995 umbris

354 3045 357 3054 '
386 3051 539 3118 Pectora.
555 3048 641 3136 Quae
660 3045 786 3117 bellum
809 3071 958 3142 praeceps
972 3047 1118 3117 amentia
1136 3047 1259 3135 suasit,

386 3169 567 3266 Improbe?
585 3194 700 3239 nonne
715 3169 828 3259 vides,
848 3194 933 3264 quos
951 3167 1133 3254 ulciscare,
1149 3167 1319 3262 jacentes?
1333 3199 1351 3232 a

434 3293 490 3362 Sic
511 3293 577 3381 ait,
595 3305 630 3361 et
649 3290 774 3360 frustra
796 3293 985 3385 periturum
1005 3289 1131 3360 missile
1150 3313 1298 3364 summo,

385 3411 504 3482 Affixit
523 3411 641 3508 clypeo
660 3437 668 3481 ε
688 3405 946 3507 ήεὶῐνοοεεᾳυο
967 3435 1173 3506 manumque

387 3531 551 3604 Horridus
571 3533 730 3630 AEgides',
748 3532 940 3628 ferrataque
959 3534 1238 3630 arboremagnos

387 3652 531 3724 Molitur
547 3656 679 3749 jactus,
701 3679 763 3724 nec
781 3680 850 3724 non
869 3656 963 3750 prius
982 3679 1041 3723 ore
1059 3654 1224 3748 superbo¹

379 3777 547 3844 Intonat:
565 3775 762 3871 «Argolici,
780 3776 903 3870 quibus
922 3776 993 3866 baee
1011 3775 1112 3844 datur
1128 3776 1259 3858 hostia,
1276 3775 1413 3856 Manes,

387 3896 528 3965 Pandite
545 3899 745 3966 Tartareum
764 3898 887 3986 cbaoS,
908 3893 1121 3990 ultricesque
1131 3895 1249 3991 para'te

387 4017 611 4107 Eumenidas,
628 4011 722 4116 uenit
740 4025 818 4089 ec'ce
838 4021 961 4090 Creon.
977 4047 995 4084 a
1016 4019 1071 4089 Sic
1091 4017 1200 4103 fatus,
1219 4032 1255 4086 et
1270 4041 1373 4086 auras

387 4139 536 4234 Dissipat
554 4141 650 4210 hasta
669 4155 839 4210 tremens:
859 4156 939 4210 tunc
959 4165 1026 4235 qua
1048 4141 1237 4210 subtemine
1257 4137 1344 4208 duro
