3080 5136
374 465 433 522 268
679 460 936 519 ACHILLEIDOS
957 459 1071 516 uultu
1089 459 1114 516 1.
1321 462 1444 525 (naor.)

373 597 483 662 Pensa
503 612 628 676 manu,
647 586 832 682 mollesque
851 585 930 658 tulit
949 587 1147 681 Tirynthius
1165 585 1305 672 hustas;

376 713 412 782 Si
429 709 525 780 decet
543 721 663 792 aurate
679 706 852 778 Bacchum
870 708 1011 801 vestigia
1029 703 1120 801 pulla

372 835 533 917 Vertere,
550 829 720 923 uirgineos
735 829 765 896 si
778 830 799 896 J
802 828 936 924 uppiter
956 823 1068 896 induit
1083 842 1197 917 artus,

355 953 446 1022 -Nec
466 973 627 1046 magnum
645 947 795 1043 ambigui
814 946 991 1043 fregerunt
1004 949 1266 1052 Caeneatsexus3

373 1077 443 1142 Has
460 1073 549 1160 sine,
568 1095 702 1166 queeso,
722 1071 830 1138 minas
847 1093 1042 1163 numenque
1060 1070 1153 1146 exire
1171 1067 1378 1165 malignum.

374 1197 456 1264 Mox
479 1195 604 1263 iterum
621 1215 776 1288 campos,
794 1193 918 1260 iterum
938 1169 1143 1260 Centaurica
1158 1191 1301 1262 reddam

374 1323 495 1390 Lustra
516 1319 578 1388 tibi
597 1344 606 1387 ε
628 1343 688 1413 per
705 1341 768 1413 ego
787 1318 854 1386 hoc
871 1295 990 1405 decus,
1009 1331 1045 1386 et
1064 1331 1206 1387 ventura
1220 1319 1378 1412 juvente

375 1440 526 1530 Gaudia,
546 1441 573 1508 si
592 1453 719 1528 terras,
740 1437 972 1531 humilemque
990 1453 1130 1534 experta
1149 1440 1313 1508 moritum

373 1565 423 1631 Te
437 1573 589 1657 propter,
607 1562 636 1629 si
658 1561 876 1655 progenitum
895 1561 1017 1656 Stygos
1036 1583 1138 1628 amne
1154 1584 1271 1629 severo

373 1683 511 1754 Armavi
533 1681 739 1776 (totumque
759 1681 888 1750 utinam
902 1677 909 1748 l
923 1678 955 1774 ),
972 1703 1055 1775 cape
1075 1695 1148 1750 tute
1166 1705 1351 1776 parumper

373 1801 558 1898 Tegmina,
575 1799 624 1870 nil
642 1802 800 1871 nocitura
817 1802 931 1870 animo
948 1826 957 1869 τ
975 1826 1039 1871 cur
1056 1827 1117 1870 ora
1136 1799 1289 1872 reducis!

373 1921 513 2012 Quidve
528 1935 651 2017 parunt
666 1920 783 1992 oculi?
800 1920 905 2015 pudet
921 1920 987 1991 hoc
1006 1922 1183 1992 mitescere
1200 1921 1319 1992 cultu?

373 2046 439 2112 Per
459 2057 511 2130 te,
529 2067 607 2112 cure
625 2066 722 2136 puer,
742 2056 885 2137 cognata
897 2065 964 2138 ¹per
984 2067 1123 2138 aequora
1135 2045 1234 2138 juro,

239 2222 242 2240 .
374 2163 509 2233 Nesciet
524 2161 590 2232 hoc
605 2163 778 2234 Chiron.»
796 2164 852 2233 Sic
868 2162 1007 2233 horrida
1027 2179 1164 2259 pectora
1182 2177 1306 2234 tractat

375 2284 610 2378 Nequicquam
631 2281 781 2354 mulcens
801 2310 810 2352 ε
830 2283 946 2354 obstat
965 2286 1165 2380 genitorque
1186 2289 1343 2382 roganti,

375 2403 600 2498 Nutritorque
617 2405 754 2498 ingens,
771 2418 807 2472 et
822 2403 928 2473 cruda
947 2405 1085 2476 exordia
1103 2431 1233 2502 magme

375 2521 503 2594 Indolis
524 2551 531 2594 :
549 2523 685 2594 effronae
705 2524 873 2594 tumidum
895 2523 987 2595 velut
1003 2527 1082 2622 igne
1099 2529 1247 2623 juventae

375 2647 409 2714 Si
429 2645 505 2740 quis
524 2670 651 2741 equum
670 2636 788 2740 primis
807 2647 1003 2716 submittere
1024 2662 1131 2719 tentet
1150 2650 1312 2739 habenis3

375 2764 453 2852 Ille,
474 2765 533 2835 diu
549 2769 692 2862 campis,
712 2767 910 2862 fluviisque,
931 2771 1113 2840 ethonore
1132 2773 1275 2866 superbo

376 2888 538 2974 Gavisus,
557 2913 625 2958 non
647 2886 734 2958 colle
750 2890 854 2985 jugo,
869 2879 939 2959 uon
958 2916 1077 2990 aspera
1094 2893 1219 2987 proebet

376 3013 447 3079 Oro
465 3006 571 3104 lupis,
593 3009 790 3104 dominique
809 3011 913 3105 gemit
929 3013 1081 3106 captivus
1100 3016 1185 3084 inire
1257 3063 1290 3076 ψ

376 3130 539 3224 Imperia,
556 3144 657 3224 utque
676 3128 759 3201 alios
779 3133 924 3202 miratur
943 3132 1072 3204 discere
1090 3161 1219 3206 cursus.

426 3252 514 3339 Quis
531 3253 626 3320 Deus
645 3250 798 3320 attonite
814 3250 967 3339 trudes,
986 3267 1165 3349 astumque
1184 3260 1317 3352 parenti

378 3370 556 3441 Contulit?
574 3371 754 3442 indocilem
772 3399 847 3469 quae
866 3400 960 3444 mens
979 3375 1124 3448 detraxit
1140 3378 1333 3450 Achillem?

377 3490 506 3562 Palladi
528 3491 654 3563 litoreae
672 3493 862 3566 celebrabat
881 3498 1001 3591 Scyros
1022 3498 1191 3568 honorum

378 3617 478 3683 Forte
498 3612 600 3704 diem,
618 3611 819 3710 placidoque
838 3631 918 3686 satae
934 3618 1122 3714 Lycomede
1137 3646 1269 3690 sorores

379 3739 471 3806 Luce
489 3760 582 3806 secra
600 3737 737 3830 patriis,
753 3763 829 3832 qun
844 3763 920 3808 rara
941 3738 1091 3830 licentia,
1111 3745 1216 3810 muris

379 3857 553 3944 Exierant,
571 3855 652 3925 dare
670 3858 758 3928 veris
775 3883 876 3953 opes,
895 3858 1047 3955 divaeque
1064 3887 1195 3932 severas

380 3977 512 4046 Fronde
533 3976 636 4072 ligare
654 4003 782 4066 comas,
803 3993 837 4047 et
853 4003 1011 4076 sporgere
1032 3981 1172 4053 floribus
1191 3985 1332 4054 hastam.

381 4098 547 4167 Omnibus
565 4099 723 4168 eximium
744 4099 859 4170 formae
877 4099 978 4172 decus
996 4129 1002 4169 :
1023 4103 1180 4173 omnibus
1197 4105 1288 4174 idem
