3156 5138
123 572 222 636 (ιιι.)
456 561 651 628 suvanuu
672 569 783 629 uranu
803 571 837 628 v.

122 697 288 767 infestare
300 694 381 765 libet
398 699 532 785 Manes,
550 698 737 794 meritoque
753 711 892 793 precatu

122 821 247 888 Pacem
264 817 396 887 auferre
414 818 506 912 rogis
527 843 535 885 :
556 817 614 886 sed
633 831 680 904 te,
699 839 785 912 puer
801 819 946 913 optime,
966 843 1067 889 cerno

121 935 329 1009 Flecteutem
341 938 455 1033 justis,
476 951 510 1006 et
527 936 605 1007 talia
623 938 712 1008 dicta
729 954 903 1034 parantem
922 965 931 1008 ε

173 1061 320 1146 «Parce,
340 1081 475 1154 precor,
494 1059 736 1129 cineri2futum
753 1057 852 1150 illud,
871 1075 906 1129 et
923 1062 973 1132 ira
992 1077 1175 1134 nocentum

121 1184 320 1267 Parcarum,
337 1181 530 1274 crimenque
546 1180 611 1248 Dei
630 1179 784 1249 mortalia
801 1181 954 1276 quisquis

122 1305 264 1370 Pectora
281 1325 356 1371 sero
378 1301 482 1388 videt,
500 1323 562 1368 nec
580 1301 691 1394 primo
710 1301 744 1368 iu
763 1299 879 1370 limine
896 1303 984 1372 sistit

122 1425 275 1492 Conatus
293 1420 472 1506 scelerum,
488 1433 590 1514 atque
606 1421 738 1490 animos
755 1420 892 1490 infanda
909 1437 1078 1518 parantes.

121 1543 264 1614 Excidat
281 1539 339 1611 illa
355 1542 425 1612 dies
442 1565 527 1630 aero,
547 1565 609 1610 nec
627 1557 763 1636 postera
781 1541 923 1612 credaut

121 1659 264 1733 Saecula!
284 1687 345 1732 nos
362 1675 454 1732 certe
470 1676 656 1748 taccamus3
675 1675 708 1730 et
725 1663 849 1731 obruta
865 1661 973 1734 multu

120 1787 231 1856 Nocte
249 1784 316 1878 tegi
333 1783 480 1878 propriae
496 1782 666 1876 patiamur
683 1782 827 1852 crimina
845 1784 964 1878 gentis.

118 1905 242 2002 Exegit
260 1903 585 2000 poenas„bomiuum
602 1904 658 1971 cui
677 1927 760 1972 cura
777 1927 933 1991 suorum,

119 2031 201 2118 Quo
218 2028 329 2097 Pietas
346 2039 486 2094 auctore
503 2023 607 2112 redit,
624 2039 796 2118 terrasque
813 2026 944 2116 revisit,

119 2150 235 2237 Quem
247 2149 341 2216 timet
353 2169 454 2215 omne
465 2145 576 2214 nefas:
589 2145 671 2214 satis
683 2145 769 2230 bac,
783 2143 1066 2243 lacrymandaque
1081 2149 1179 2221 nobis

118 2268 215 2340 Ultio
234 2295 242 2338 :
260 2268 344 2362 quin
363 2290 464 2336 saevas
483 2267 611 2334 utinam
628 2287 769 2334 exorare
783 2263 902 2334 liceret

118 2387 341 2476 Eumenidas,
358 2385 550 2480 timidaque
569 2401 721 2455 avertere
736 2385 909 2456 Cerberon
927 2386 1069 2477 umbrae,

117 2503 423 2602 Immemoremque
441 2507 507 2576 tuis
525 2505 624 2574 citius
642 2502 722 2574 dare
738 2504 900 2574 Manibus
917 2503 1094 2576 amnemln

166 2633 280 2702 Macte
296 2630 425 2715 animo,
440 2621 590 2723 juvenis!
609 2625 826 2695 cinerescunt
843 2626 984 2695 crimina
1003 2629 1130 2700 matris.
1147 2647 1151 2656 ’

116 2753 190 2823 Nec
207 2763 340 2821 tantum
352 2752 479 2844 pietas,
497 2746 557 2818 sed
573 2761 735 2843 protenus
752 2745 858 2816 ardru
875 2747 983 2817 virtus

115 2875 282 2947 Affectata
299 2873 361 2942 tibi
379 2897 388 2940 ε
407 2895 516 2966 nuper
533 2889 639 2964 quum
656 2868 743 2938 forte
761 2865 884 2938 sodalis

114 2995 297 3066 Immeritae
315 2990 399 3061 falso
415 2988 555 3086 palleret
571 2990 714 3060 crimine
732 2988 845 3078 sume,
951 3009 956 3024 ·

113 3117 335 3211 Erigeretque
351 3112 478 3201 forum,
496 3112 732 3206 succinctaque
746 3109 861 3204 judice
877 3107 984 3181 multo

115 3243 279 3333 Surgeret
296 3249 330 3304 et
345 3248 475 3304 castum
494 3229 633 3302 libraret
648 3228 737 3301 Julia
753 3229 898 3320 fulmen;

112 3366 188 3450 Tu,
198 3381 398 3454 ‘quanquam
414 3379 485 3424 uon
503 3367 581 3424 ante
598 3353 711 3424 forum
729 3351 885 3448 legesque
901 3375 1032 3422 serem

112 3485 253 3567 Passus,
271 3477 330 3548 sed
347 3477 450 3548 tacita
467 3474 657 3544 studiorum
674 3472 829 3543 occuitus
845 3473 881 3542 iu
898 3472 1034 3561 umbra,

111 3602 297 3673 Defensare
314 3611 438 3687 metus,
454 3594 660 3688 adversaque
677 3592 743 3696 tela
759 3594 876 3664 subisti

111 3721 256 3808 Pellem,
274 3721 413 3791 inermis
430 3712 542 3788 adhue
560 3727 593 3785 et
609 3715 692 3801 tiro,
710 3705 862 3809 paventis
879 3713 991 3798 atrici.

110 3843 212 3914 Haud
229 3865 378 3936 unquam
396 3837 479 3909 tales
496 3836 651 3931 adspexit
667 3834 834 3905 Romulus
853 3859 960 3904 annos

109 3963 342 4058 Dardaniique
360 3976 470 4048 senes,
486 3957 589 4028 medii
607 3954 734 4026 bellare
751 3971 867 4052 togate

109 4089 196 4155 Pace
211 4083 277 4156 fori
295 4109 303 4152 ε
322 4096 482 4176 stupuere
499 4093 610 4176 patres
628 4079 813 4148 tentamina
835 4091 927 4146 tanta

109 4211 328 4298 Conatusque
345 4219 436 4290 tuou3
455 4225 518 4296 pro
536 4215 569 4270 te
587 4217 665 4270 reus
683 4199 754 4294 ipse
770 4198 921 4268 timebat

965 4343 1017 4390 ro.
