3192 5148
399 551 414 609 l
767 548 795 600 Ρ,
807 541 936 600 vPUBLIl
959 545 1081 600 STATll
1366 560 1396 612 (ι.

397 669 570 756 Pondere;
590 669 765 740 nectardo
786 685 901 764 raptus
919 696 1024 764 prope
1048 653 1192 740 flumina*
1207 693 1307 738 cursu

396 795 539 876 Fumat,
561 804 594 859 et
612 792 740 885 ingenti
758 788 918 884 propellit
938 793 1117 883 Strymona
1136 789 1227 858 flatu.

446 915 510 978 Par
527 911 620 1003 operi
639 909 758 978 sedes:
781 909 860 978 hinc
880 909 978 976 obvia
999 907 1117 977 limina
1134 908 1252 1003 pandit

397 1030 467 1118 Qui
487 1029 591 1098 fessus
611 1028 726 1114 bellis,
747 1029 878 1116 adscita
897 1053 1036 1097 munere
1056 1027 1179 1122 prolis,

396 1149 527 1216 Primus
548 1149 612 1217 iter
629 1149 753 1216 nostris
771 1146 916 1216 ostendit
935 1148 971 1216 in
991 1149 1114 1220 aethera
1133 1147 1228 1217 divis.

395 1269 544 1337 Discitur
562 1293 580 1336 e
601 1266 696 1336 vultu
713 1280 876 1361 quantum
895 1282 931 1335 tu
949 1269 1063 1338 mitior
1082 1253 1203 1354 armis3
1245 1345 1248 1352 .

396 1389 465 1474 Qui
486 1412 548 1455 nec
567 1387 602 1454 in
621 1400 774 1453 externos
795 1383 898 1452 facilis
917 1387 1032 1454 saevire
1049 1386 1178 1455 furores

396 1508 464 1578 Das
485 1505 591 1572 Cattis
610 1504 776 1596 Dacisque
795 1501 895 1570 fidem
915 1529 923 1570 ε
944 1517 976 1572 te
996 1505 1090 1598 signa
1110 1505 1252 1593 ferente,

396 1627 439 1690 Et
458 1623 569 1690 minor
588 1623 623 1689 in
644 1619 732 1715 leges
752 1621 816 1688 iret
831 1646 945 1715 gener,
966 1636 999 1692 et
1017 1625 1102 1692 Cato
1121 1625 1247 1694 castris.

396 1743 440 1811 At
460 1738 603 1808 laterum
622 1763 736 1832 passus
753 1739 832 1807 hinc
849 1739 938 1808 Julia
958 1754 1045 1809 tecta
1065 1755 1217 1827 tuentur;

396 1855 494 1926 Illinc
514 1855 664 1950 belligeri
685 1855 835 1932 sublimis
855 1859 948 1952 regia
966 1857 1072 1927 Pauli.

396 1981 504 2071 Terga
522 1991 628 2070 pater,
648 1973 839 2069 blandoque
858 1977 949 2045 videt
968 1978 1160 2047 Concordia
1178 1978 1284 2048 vultu.

445 2104 521 2193 lpse
541 2111 652 2167 autem
673 2123 761 2192 puro
782 2097 908 2168 celsum
928 2115 1029 2194 caput
1048 2125 1125 2169 aere
1145 2116 1258 2194 septus

395 2217 534 2312 Templa
554 2217 777 2312 superfulges,
798 2233 831 2287 et
850 2233 1063 2313 prospectare
1082 2221 1225 2308 videris,

396 2343 449 2408 An
468 2362 555 2406 nova
575 2339 774 2436 contemptis
788 2352 926 2430 surgant
944 2336 1081 2431 pallatia
1099 2338 1241 2409 flammis

395 2455 572 2525 Pulchriu's
594 2480 602 2522 :
624 2479 667 2522 an
689 2456 789 2523 tacita
804 2454 921 2549 vigilet
937 2455 1008 2525 face
1026 2459 1165 2526 Troicus
1186 2461 1291 2552 ignis,

395 2579 506 2668 Atque
525 2571 712 2666 exploratas
726 2575 804 2667 jam'
817 2571 931 2642 laudet
950 2577 1054 2656 Vesta
1073 2577 1250 2645 ministras.

396 2696 524 2762 Dextra
544 2705 635 2759 vetat
655 2697 785 2784 pugnas
806 2717 814 2759 :
836 2689 952 2760 laevam
969 2694 1235 2788 Tritoniavirgo

396 2813 476 2880 Non
497 2824 633 2905 gravat,
647 2824 680 2877 et
698 2823 794 2878 sectae
810 2810 988 2904 praetendit
1006 2809 1093 2905 colla
1110 2813 1274 2906 Medusae,

397 2933 469 2999 Ceu
489 2927 631 2999 stimulis
651 2929 812 2997 accendat
831 2954 966 3023 equum.
988 2933 1060 2999 Noc
1079 2930 1210 3001 dulcior
1229 2958 1367 3026 usquam

397 3051 500 3117 Lecta
519 3047 587 3116 deae
606 3047 714 3133 sedes;
727 3073 797 3118 ,nec
817 3049 859 3135 si,
879 3063 984 3142 pater,
1004 3049 1075 3142 ipse
1094 3062 1224 3120 teneres
1246 3077 1255 3119 ε

397 3170 556 3254 Pectora,
577 3189 650 3260 quae
670 3166 787 3236 mundi
807 3166 941 3237 valeant
960 3166 1114 3266 evolvere
1133 3194 1249 3259 curas,
1351 3211 1367 3226 ν

398 3287 532 3380 thuls
551 3311 586 3355 se
606 3287 683 3355 totis
703 3290 842 3355 Temese
859 3286 951 3356 dedit
968 3289 1088 3357 hausta
1103 3287 1256 3386 metallis.

397 3407 429 3474 lt
447 3419 541 3499 tergo
562 3404 703 3474 demissa
723 3404 870 3499 chlamys
891 3431 898 3474 :
921 3404 1007 3504 latus
1028 3431 1107 3475 ense
1124 3409 1237 3501 quieto
1259 3477 1261 3480 ,

399 3527 581 3610 Securum;
599 3548 740 3618 magnus
760 3537 887 3616 quanto
906 3551 1067 3595 mucrone
1086 3527 1235 3595 minatur

399 3643 562 3714 Noctibus
581 3642 744 3729 hibernis,
763 3657 796 3710 et
817 3643 925 3712 sidera
944 3658 1047 3714 terret
1067 3647 1186 3715 Orion.

449 3769 494 3834 At
511 3766 659 3858 sonipes,
674 3764 808 3833 habitus
823 3766 1019 3859 animosque
1039 3767 1187 3837 imitatus
1206 3782 1394 3860 equestres,

400 3885 520 3952 Acrius
540 3882 662 3952 attollit
679 3881 810 3967 vultus,
832 3905 1033 3979 cursumque
1049 3888 1221 3955 minatur:

400 4003 465 4072 Cui
482 4002 596 4097 rigidis
613 4015 702 4070 stant
716 3999 804 4070 colla
821 4003 926 4096 jubis,
942 4004 1104 4098 vivusque
1124 4031 1186 4100 per
1205 4030 1315 4074 armos
1351 4057 1353 4071 .
1396 4077 1400 4090 ,

399 4123 569 4214 Impetus;
586 4135 619 4189 et
635 4121 736 4190 tantis
754 4119 936 4191 calcaribus
957 4120 1014 4192 ilia
1031 4122 1096 4192 late

1406 561 1447 612 aar
