3206 5136
161 501 279 563 (ruat.)
486 497 699 554 THEBAIDOS
719 497 828 552 LIBER
849 497 884 550 V.

161 629 315 693 Tantane
335 647 387 692 me
408 638 507 692 tanta
526 637 666 692 tenuere
685 621 806 690 oblivia
829 621 939 691 curae?

162 749 253 814 Dum
272 747 399 838 patrios
418 769 534 832 casus,
553 742 714 836 famaque
733 767 850 813 exorsa
868 759 1013 814 retracto

162 866 349 935 Ambitiosa
367 890 462 953 meae,
482 868 588 959 pietas
607 865 677 932 lraec
697 889 834 958 magna,
853 863 1017 959 fidesque!

162 983 296 1054 Exsolvi
320 986 399 1073 tibi,
421 989 564 1073 letone,
587 984 678 1054 nefas
698 1011 705 1052 :
725 986 782 1052 ubi
803 984 912 1054 letifer
931 988 1069 1080 anguis,

163 1110 279 1194 Ferte,
301 1106 420 1190 duces3
443 1107 554 1175 meriti
574 1109 685 1200 siqua
704 1121 752 1174 est
774 1107 854 1174 mihi
877 1107 980 1200 gratia
1001 1107 1095 1196 duri,

164 1229 200 1296 Si
221 1230 296 1321 quis
316 1229 424 1298 honos
443 1228 540 1298 dietis
558 1254 566 1297 t
585 1244 644 1298 aut
663 1253 721 1298 vos
742 1230 944 1322 exstinguite
962 1229 1068 1315 ferro,

163 1351 218 1418 Ne
238 1351 348 1418 tristes
368 1350 541 1436 dominos,
565 1350 747 1441 orbamque
770 1350 903 1417 inimica
923 1351 1064 1418 revisam
1144 1385 1147 1394 ·

165 1470 355 1565 Eurydicen
376 1499 383 1540 :
402 1495 595 1566 quanquam
615 1470 705 1540 baud
724 1467 773 1538 illi
792 1495 867 1539 mea
888 1497 969 1539 cura
988 1471 1134 1542 dolendo

165 1594 320 1662 Casscrit.
339 1597 456 1662 Hocne
473 1592 583 1661 ferens
599 1617 685 1660 onus
705 1591 871 1661 illaetabile
890 1563 1005 1662 matris

165 1712 412 1781 Transfundam
430 1713 576 1808 gremio?
594 1737 668 1804 quae
687 1737 740 1780 me
756 1714 848 1806 prius
868 1714 933 1781 ima
952 1715 1014 1782 sub
1033 1715 1168 1783 umbras

165 1839 297 1928 lllergat
312 1835 455 1902 liumus?
465 1865 481 1898 a
495 1832 602 1902 Simul
613 1834 682 1902 ltaec
696 1849 852 1927 terraque
864 1849 898 1901 ct
909 1835 1072 1928 sanguine
1086 1834 1215 1906 vultum

166 1955 309 2025 Sordida
325 1981 525 2050 magnorum
542 1957 629 2025 circa
647 1956 786 2050 vestigia
802 1981 921 2050 regum

165 2079 335 2160 Vertitur,
354 2093 386 2145 et
405 2079 504 2145 tacite
522 2077 739 2146 maerentibus
759 2079 901 2170 imputat
920 2076 1036 2146 undas.

216 2203 257 2268 Et
273 2200 342 2292 jam
364 2197 501 2267 sacrifici
523 2199 654 2266 subitus
675 2223 734 2290 per
752 2211 839 2266 tecta
858 2199 1004 2292 Lycurgi

165 2322 314 2390 Nuntius
333 2317 488 2413 implerat
506 2318 661 2412 lacrymis
680 2320 856 2413 ipsumque
874 2318 1092 2412 domumque,

165 2441 279 2533 lpsiun
301 2439 538 2507 adventantem
560 2439 669 2507 Persei
693 2440 818 2508 vertice
836 2454 952 2508 sancto

164 2560 309 2646 Montis,
329 2560 386 2626 ubi
403 2559 544 2628 adverso
562 2558 700 2627 dederat
718 2573 873 2653 prosecta
890 2560 1053 2642 Tonanti,

166 2685 207 2749 Et
226 2695 328 2774 caput
348 2682 441 2748 iratis
461 2680 595 2748 rediens
613 2681 792 2773 quassabat
812 2681 854 2748 ab
876 2683 971 2749 extis.

167 2802 226 2868 llic
245 2826 315 2870 sese
336 2799 499 2896 Argolicis
521 2803 704 2870 immunem
725 2817 837 2870 servat
856 2804 898 2870 ab
918 2805 1021 2872 armis

166 2920 264 2988 Haud
284 2923 387 2989 animi
411 2945 550 3008 vacuus,
572 2920 629 2989 sed
650 2920 774 3015 templa
795 2946 928 3015 araeque
947 2924 1117 2995 tenebant.

164 3043 235 3111 Nec
255 3040 335 3110 dum
354 3043 454 3110 etiam
473 3067 632 3136 responsa
650 3046 778 3127 Deum,
798 3045 1011 3137 monitusque
1030 3049 1154 3116 vetusti

165 3163 383 3250 Exciderant,
403 3188 534 3257 voxque
551 3189 594 3232 ex
614 3162 722 3256 adytis
740 3179 876 3255 accepta
895 3164 1092 3258 profundis,

164 3285 317 3371 «Prima,
335 3287 503 3378 Lycurge,
520 3283 615 3353 dabis
633 3285 762 3353 Dircaeo
780 3284 898 3365 funera
918 3285 1043 3355 bello.»

166 3404 203 3472 ld
220 3419 332 3491 cavet,
350 3420 384 3474 et
400 3420 536 3473 moestus
553 3407 652 3473 vicini
670 3403 808 3499 pulvere
826 3408 945 3475 Martis

165 3527 312 3618 ringitur
328 3524 371 3592 ad
390 3523 509 3612 lituos,
529 3527 752 3620 periturisque
770 3525 897 3595 invidet
914 3529 1026 3596 armis.

211 3649 296 3714 Ecce
315 3644 395 3713 fides
417 3643 600 3739 Superum!
622 3646 745 3715 laceras
766 3648 924 3715 comitata
944 3647 1108 3718 Thoantis

162 3746 308 3857 Advenit
327 3768 503 3858 exsequias
523 3791 530 3832 :
554 3782 670 3835 contra
691 3767 782 3835 subit
801 3767 899 3836 obvia
922 3783 1042 3857 mater,

164 3886 336 3955 Femineos
355 3901 459 3954 coetus
479 3886 737 3980 plangentiaque
754 3889 888 3982 agmina
908 3887 1045 3958 ducens.

162 4009 208 4072 At
226 4030 295 4074 non
314 4007 527 4100 magnanimo
547 4009 653 4100 pietas
675 4009 794 4100 ignava
815 4011 1000 4102 Lycurgo:

163 4125 296 4194 Fortior
314 4124 370 4194 ille
387 4126 498 4216 malis,
520 4127 752 4221 lacrymasque
772 4129 889 4196 insana
909 4129 1060 4198 resorbet
1136 4151 1139 4159 ’

1042 4253 1053 4285 Ι

1036 4282 1067 4331 sp
