3200 5142
199 506 231 560 n-
244 498 295 560 ⁵³.)
511 471 735 558 rnnunruos'
751 498 862 552 trane
884 498 935 552 nr.
1198 516 1248 552 ω

245 625 346 696 lllum
366 639 531 720 congestae
553 625 791 720 portarum-ad
807 623 1086 694 liminamatres
1113 680 1114 690 ,

198 749 247 815 Ut
265 745 373 816 solum
388 743 517 832 videre,
528 743 644 815 nefasl
664 744 757 815 nulla
773 747 907 841 agmina
926 747 1073 832 circum,

198 869 501 966 Magnanimosque
522 866 641 954 duces,
660 854 850 938 nilril'ausaa
863 865 1033 965 quaerere,
1052 865 1177 938 tollunt

197 986 520 1076 Clamorem,·hello
538 988 645 1082 qualis
665 983 841 1083 supremus
860 991 985 1083 apertis
1029 1022 1033 1028 ¹

197 1108 367 1197 Urbibus,
389 1123 448 1178 aut
464 1107 584 1204 pelago
596 1110 667 1204 jam
686 1109 907 1180 descendente
924 1111 1047 1182 carina.
1080 1169 1082 1174 .

248 1233 296 1301 Ut
314 1232 463 1326 primurn
482 1229 580 1300 invisi
600 1229 723 1326 cupido
741 1231 819 1301 data
839 1232 938 1326 copia
956 1233 1062 1328 regis:

197 1355 320 1422 «Hane
341 1351 402 1421 tibi
422 1349 464 1422 de
484 1364 578 1420 tanto
598 1351 703 1427 donat
722 1353 811 1424 serus
827 1353 959 1448 agmine
976 1353 1118 1446 Tydeus·

198 1471 371 1543 Infelicem
389 1473 554 1559 annnam,
575 1473 645 1542 sive
663 1475 733 1543 liaeo
754 1475 919 1544 sententia
936 1474 1080 1560 Divum,
1103 1509 1111 1532 s

199 1598 265 1665 Seu
284 1595 420 1664 fortuna
435 1593 500 1663 fuit
516 1621 524 1662 ι
542 1617 620 1683 seu,
642 1595 733 1688 quod
754 1595 859 1690 pudet
879 1596 927 1664 ire
945 1595 1061 1683 fateri,
1087 1648 1091 1654 .

196 1717 261 1786 Vis
280 1716 405 1786 invicta
422 1716 509 1785 viri:
527 1717 582 1784 vix
599 1715 700 1786 credo
717 1731 750 1785 et
767 1717 926 1802 nuntius,
947 1739 1079 1803 omnes,

199 1837 412 1907 Procubuere
430 1861 547 1905 omnes
565 1863 572 1904 :
593 1838 702 1906 noctis
723 1861 808 1932 vaga
823 1838 951 1911 lumina
970 1850 1093 1926 testor,

197 1963 244 2030 Et
261 1961 390 2029 socium
408 1981 539 2045 manes,
561 1973 595 2027 et
614 1972 647 2026 tc
661 1957 755 2028 mala·
769 1963 923 2053 protinus
943 1957 1010 2029 ales
1110 2001 1114 2012 ·

197 2081 278 2168 Qua
294 2078 413 2169 redeo,
435 2105 503 2149 non
520 2079 608 2149 hanc
626 2079 783 2174 lacrymis
799 2064 975 2169 ineruisse,
998 2105 1059 2150 nec
1075 2095 1148 2148 astu
1193 2127 1197 2136 ,

196 2198 379 2270 Crudelem
398 2191 545 2289 veniam,
562 2215 663 2296 atque
683 2200 856 2271 inhonorae
874 2197 1124 2271 munera·lucis.·

197 2321 265 2391 Sed
282 2321 365 2390 mihi
380 2321 471 2415 jussa
492 2325 621 2410 Deum,
640 2320 831 2417 placitoque
849 2322 969 2418 ignara
984 2322 1112 2390 moveri

196 2447 362 2537 Atropos,
380 2456 482 2536 atquc
498 2441 580 2512 olirn
602 2467 670 2512 non
688 2443 759 2512 haec
781 2443 859 2513 data
874 2445 979 2538 janua
996 2440 1054 2512 leti

197 2563 359 2659 Eripuere
378 2588 494 2634 necem
513 2589 520 2631 :
536 2565 673 2658 jamque
690 2578 738 2634 ut·
746 2566 829 2634 mihi
846 2565 988 2662 prodiga
1002 2565 1079 2633 vitae
1135 2608 1139 2616 ,

197 2687 357 2772 Pectora,
376 2698 410 2754 et
429 2698 613 2753 extremam
631 2682 716 2754 nihil
737 2685 964 2758 horrescentia
981 2700 1125 2756 mortem

111 2807 114 2813 ’
197 2805 386 2901 Adspicias3
405 2803 531 2875 bellum
554 2803 731 2874 infandum
750 2805 988 2900 ominibusque
1002 2821 1155 2901 negatam

196 2927 351 3015 Movisti,
370 2927 517 3014 funeste,
539 2927 660 3014 aciem,
681 2925 764 2995 dum
786 2923 911 3022 pellere
931 2924 1037 3022 leges,

196 3049 239 3117 Et
259 3047 511 3144 consanguineo
532 3045 643 3142 gliscis
664 3071 806 3142 regnare
827 3046 994 3142 superbus

195 3166 321 3238 Exsule
340 3195 348 3237 :
367 3184 402 3240 te
418 3169 519 3238 series
538 3168 698 3237 orbarum
716 3169 826 3238 excisa
845 3168 1025 3238 domorum

195 3287 391 3361 Planctibus
412 3289 572 3380 assiduis,
591 3303 624 3358 te
643 3288 718 3357 diro
737 3288 1047 3359 horrorevolames
1092 3331 1094 3338 ·

195 3413 452 3507 Quinquaginta
469 3412 589 3480 anima.
605 3412 732 3480 circum
747 3426 930 3504 noctesque
951 3409 1088 3503 diesque

194 3530 354 3604 Assilient
371 3559 378 3601 :
396 3557 507 3628 neque
524 3533 614 3603 enim
632 3533 703 3626 ipse
719 3535 959 3601 monoculum
977 3528 1127 3602 moverat
1143 3531 1217 3601 ires·

194 3659 268 3726 Rex
283 3653 392 3744 ferus,
413 3670 447 3725 et
462 3655 576 3724 tristes
597 3656 775 3750 ignescunt
792 3655 955 3750 sanguine
973 3651 1095 3724 vultus.
1133 3683 1139 3702 ··

194 3776 278 3847 lude
298 3775 389 3850 ultro
410 3774 591 3873 Phlegyas,
609 3791 658 3864 et,
676 3801 744 3845 non
761 3775 1088 3869 'cunctatoriniqui,
1102 3805 1120 3820 .,

194 3898 372 3968 Labdaeus
392 3883 477 3995 (lios
496 3899 593 3994 regni
614 3896 740 3967 serrum
762 3895 888 3992 penes)¹
902 3897 968 3982 ire,
985 3920 1157 3990 manuque
1186 3935 1189 3940 ·

80 4069 83 4074 -
193 4020 400 4090 Proturbare
417 4034 563 4114 parant:
581 4018 639 4089 sed
657 4019 728 4112 jam
746 4018 931 4087 nudaverat
950 4041 1063 4087 ensem

166 4168 168 4172 ·
193 4141 434 4238 Mngnanimus
455 4155 563 4233 vates,
585 4157 618 4210 et
639 4165 730 4211 nunc
749 4142 855 4210 trucis
874 4145 934 4209 ora
953 4119 1103 4234 tyranni,
