3200 5142
166 495 216 582 iv.
230 519 300 582 ηε.)
512 515 726 573 ruaaunos
745 516 855 572 urm
875 517 897 572 1.

172 649 284 714 Ferre
303 642 431 712 duces:
448 645 613 710 «Hancne
631 642 792 737 Ogygiis,
809 642 875 728 ait,
893 651 1010 735 aspera
1028 643 1130 712 rebus

174 771 266 835 Fata
284 762 390 833 tulere
405 761 536 833 vicem?
551 763 651 832 toties
666 777 798 832 mutare
815 761 996 849 timendos,

176 886 390 979 Alter-noque
402 885 487 981 jugo
505 884 695 954 dubitantia
709 881 852 952 subdere
871 880 975 953 eolla!

178 1009 304 1078 Partiti
318 1021 453 1077 versant
469 1005 673 1103 populorum
692 1003 778 1093 fata,
797 1029 966 1098 manuque
980 1063 981 1066 ,

179 1134 368 1200 Fortunam
383 1129 490 1198 secere
508 1126 625 1196 levem.
648 1128 828 1220 Semperne
844 1125 987 1196 vicissim

179 1247 362 1320 Exsulibus
377 1251 502 1318 servire
516 1245 646 1318 dabor?
664 1247 745 1334 tibi',
768 1271 896 1316 sturme
912 1249 1062 1320 Deorum

180 1374 433 1464 Terrarumque
453 1383 558 1458 sator,
576 1372 677 1440 sociis
692 1369 779 1438 hanc
797 1368 920 1440 addere
933 1381 1080 1440 mentem

184 1491 303 1562 Sedit?
323 1515 367 1560 an
384 1489 462 1561 inde
480 1507 576 1560 vetus
592 1490 715 1561 Thebis
731 1489 923 1560 extenditur
938 1513 1056 1576 omen,

182 1615 235 1681 Ex
253 1635 325 1704 quo
343 1610 472 1681 Sidonii
492 1613 715 1705 nequicquam
735 1608 858 1680 blanda
873 1611 1010 1704 juvenci

184 1731 339 1802 Pondere
376 1732 560 1827 Carpathio
578 1733 690 1826 jussus
706 1727 774 1800 sale
795 1755 944 1824 quarere
963 1729 1111 1802 Cadmus

182 1849 289 1922 Exsul
305 1853 475 1946 Hyanteos
494 1853 622 1921 invenit
637 1875 741 1944 regna
759 1873 820 1946 per
837 1875 954 1944 agros:

183 1977 429 2066 Fraternasque
446 1969 530 2042 acies
546 1972 634 2042 soetoe
648 1970 775 2041 telluris
791 1971 886 2042 biatu

182 2094 373 2189 Augurium
393 2113 484 2161 seros
500 2092 625 2162 dimisit
643 2093 795 2186 adusque
811 2091 969 2187 nepotes?

183 2216 324 2302 Cernis,
344 2229 383 2282 nt
400 2228 550 2314 ereetum
570 2226 664 2282 torva
684 2213 746 2282 sub
763 2211 874 2283 fronte
894 2213 1041 2282 minetur

183 2335 311 2404 sevior
329 2357 506 2429 assurgens
526 2332 661 2426 dempto
678 2349 832 2402 consorte
853 2331 1023 2430 potestas?

183 2457 280 2544 Quas
293 2456 379 2550 gerit
394 2473 453 2522 ore
469 2451 600 2522 minas?
616 2455 743 2546 quanto
759 2453 881 2548 premit
899 2455 1010 2524 omnia
1029 2453 1139 2524 fastu?

182 2576 290 2644 Hicne
310 2597 460 2669 unquam
479 2572 630 2668 privatus
649 2571 736 2643 erit?
755 2587 868 2644 tamen
886 2571 940 2642 ille
956 2577 1104 2668 precanti

182 2695 295 2784 Mitis,
313 2709 347 2764 et
362 2689 472 2764 affatu
484 2693 595 2764 bonus
613 2707 647 2762 et
664 2693 844 2788 patientior
863 2693 961 2787 aequi.

183 2815 278 2904 Quid
297 2813 442 2884 mirum?
460 2837 529 2883 non
547 2812 637 2884 solus
658 2829 739 2884 erat.
758 2815 830 2886 Nos
846 2811 922 2883 vilis
938 2814 974 2882 in
994 2837 1110 2884 omnes

182 2939 345 3030 Prompta
364 2958 484 3003 manus
501 2958 597 3004 cesus
614 2933 752 3004 domino
768 2934 958 3027 cuicunque
978 2936 1124 3028 parati.»

181 3052 337 3145 Qualiter
352 3054 431 3123 hinc
451 3051 579 3149 gelidus
598 3057 739 3142 Boreas,
759 3054 838 3126 binc
854 3053 987 3130 cmiter
1006 3057 1117 3124 Eurus

181 3173 266 3244 Vela
283 3175 442 3262 trahunt,
460 3187 559 3242 nutat
579 3173 696 3244 medie
712 3173 848 3246 fortuna
863 3174 993 3252 carina.

181 3298 256 3364 Heu
273 3294 376 3365 dubio
393 3319 553 3390 suspensa
570 3308 684 3382 metu,
703 3293 941 3386 tolerandaque
957 3291 1060 3366 nullis

181 3419 311 3510 Aspera
330 3439 402 3485 sors
420 3412 570 3510 populis!
591 3415 656 3485 Hic
673 3416 816 3510 imperat
831 3439 839 3486 ι
856 3413 913 3489 ille
930 3417 1089 3485 minatur.

229 3539 274 3605 At
291 3533 382 3605 lovis
400 3535 551 3630 imperiis
566 3536 677 3631 rapidi
698 3561 799 3632 super
817 3537 902 3608 atria
918 3535 993 3606 coeli

74 3705 81 3719 .
177 3661 303 3728 Lectus
323 3653 465 3752 concilio
480 3654 597 3727 divum
617 3672 819 3728 convenerat
837 3656 923 3728 ordo

178 3774 343 3844 Interiora
360 3773 439 3868 polo
453 3801 461 3843 :
477 3779 593 3870 spatiis
612 3779 693 3847 hinc
709 3777 824 3848 omnia
840 3777 936 3869 juxta

178 3895 365 3989 Primaque
382 3895 597 3992 occiduoque
616 3898 755 3984 domus,
776 3895 881 3970 offusa
900 3896 964 3968 sub
985 3901 1075 3966 omni

177 4015 281 4082 Terra
299 4029 401 4107 atque
422 4015 513 4086 unda
532 4017 608 4088 die:
625 4017 744 4090 mediis
762 4042 830 4090 sese
848 4017 975 4088 arduus
993 4019 1095 4088 infert

175 4137 252 4228 lpse
271 4135 367 4222 Deis,
385 4135 515 4231 placido
533 4141 689 4232 quatiens
705 4139 951 4214 tamenomnia
969 4113 1085 4224 vultu,
