3156 5138
135 490 255 556 (nuo)
436 497 438 500 ·
475 457 672 548 stuvemul
691 485 802 544 LIBER
823 486 857 540 V.
1140 487 1194 562 ¹³9

134 615 201 686 Illa
220 614 376 703 domum,
398 627 497 682 torro
515 635 617 706 quam
637 637 706 680 non
726 611 796 682 bec
817 609 943 680 lumine
966 611 1049 706 figat

136 739 323 820 Protenus,
343 747 378 804 et
396 757 483 803 seva
502 733 678 828 perturbet
697 731 820 828 gaudit
839 730 977 802 dextra?

187 854 370 926 Florebant
384 852 507 924 hilares
520 853 777 946 inconcussique
791 866 943 946 penates3

136 974 197 1046 Nil
217 989 374 1046 moestuan
396 1001 405 1044 t
425 973 508 1069 quid
524 976 634 1060 enim,
654 975 807 1068 quamvis
825 972 928 1042 iulide
945 971 1110 1069 leuisque,

136 1101 267 1168 earm
286 1111 356 1166 tam
375 1094 511 1184 dextro,
531 1109 646 1190 posset
681 1097 829 1166 Fortuna
869 1093 998 1164 timeri?

134 1219 300 1286 Invenere
316 1216 406 1286 viam
420 1213 559 1287 liuentia
573 1217 670 1304 Fau,
687 1214 850 1309 piumque

134 1338 285 1408 Intravit
298 1338 350 1406 vis
367 1360 453 1408 save
468 1335 572 1408 larem
589 1362 597 1406 τ
614 1335 663 1408 sic
678 1333 778 1431 plene
795 1334 943 1431 maligno

134 1457 306 1530 Afflantur
322 1458 436 1528 vineta
450 1460 559 1546 Noto3
577 1457 626 1527 sic
641 1455 711 1530 alta
725 1457 870 1528 senescit

134 1579 250 1650 lmbre
265 1603 358 1676 seges
373 1579 496 1668 nimi03
512 1575 638 1674 rapide
653 1579 701 1651 sic
716 1577 814 1653 obvia
831 1576 938 1672 puppi

133 1699 285 1786 Invidet,
298 1712 333 1768 et
346 1697 427 1770 velis
443 1695 621 1770 adnubilat
635 1721 717 1769 nura
726 1697 899 1786 ‘secundis

185 1819 345 1914 Carpitur
363 1819 522 1894 eximium
544 1817 614 1890 fato
632 1815 785 1892 Priscilla
806 1817 962 1888 decorem
980 1841 989 1886 ε

133 1937 296 2028 Qualiter.
307 1935 374 2008 alta
388 1961 521 2012 oomatu
537 1937 698 2012 silvarum
715 1936 822 2033 gloria
838 1938 939 2034 pinus

134 2061 205 2128 Seu
222 2058 314 2127 Iovis
334 2059 411 2152 igne
430 2055 538 2143 mulo,
553 2081 612 2132 seu
626 2056 970 2151 nundinantem,

134 2177 275 2265 Deficit,
293 2193 327 2246 et
344 2176 429 2248 nulli
445 2175 588 2272 spoliata
606 2193 835 2256 remurmurat
851 2201 948 2246 aurae.

132 2295 230 2388 Quid
252 2297 419 2391 probitas,
440 2313 500 2368 aut
518 2310 609 2370 casu
630 2295 731 2386 fides,
751 2296 834 2392 quid
855 2297 995 2368 numina
1016 2309 1159 2392 prosunt

136 2414 242 2487 Culta
261 2415 393 2487 Deum?
412 2418 518 2493 furve
536 2418 692 2496 miseram
712 2419 840 2490 circum
861 2417 1011 2512 undique
1031 2414 1089 2489 leti

135 2538 314 2609 vallavere
328 2539 433 2636 plagae
451 2565 460 2609 ε
477 2553 662 2613 tenuantur
677 2540 762 2610 dura
777 2564 932 2610 sororum

133 2659 245 2748 Licin,
261 2661 415 2732 erenei
430 2675 583 2755 superest
598 2681 677 2756 pars
692 2658 811 2730 ultima
828 2657 886 2729 fili.

136 2777 193 2849 Nil
209 2777 327 2852 famuli
344 2795 465 2870 coetus,
483 2779 533 2851 nil
549 2805 604 2852 ars
618 2802 760 2875 operosa
774 2781 970 2850 medentum

135 2897 303 2971 Auxiliata
323 2898 418 2970 malis
437 2902 602 2980 :comites
620 2915 734 2984 tamen
750 2901 899 2996 undique
918 2903 998 2973 ficto

134 3023 239 3114 Spem
255 3018 415 3091 simulant
430 3020 528 3094 vultu
544 3047 552 3092 ε
567 3021 704 3100 llentem
722 3037 817 3092 notat
837 3020 894 3092 illa
909 3025 1080 3096 maritum.

133 3137 199 3210 Ille
218 3139 320 3210 modo
339 3140 477 3217 inseruae
494 3145 717 3237 nequicquam
736 3143 877 3217 flumina
894 3143 1018 3214 Lethes

131 3264 335 3356 Incorrupta
356 3276 480 3358 rogat:
500 3288 592 3335 nuuc
608 3265 728 3336 anxius
748 3264 905 3338 omnibus
926 3265 992 3334 aris

131 3379 342 3475 Illacrymat,
358 3383 534 3478 signatque
552 3383 656 3472 fores,
672 3398 707 3460 et
723 3399 861 3480 pectore
877 3399 985 3480 terget

132 3502 286 3590 Limine,
304 3526 397 3574 nunc
415 3503 529 3598 magni
549 3518 648 3574 vocat
667 3502 836 3578 exorabile
856 3529 983 3575 numen

26 3623 30 3630 '
131 3621 283 3695 Cesaris.
303 3625 378 3700 Heu
400 3621 506 3694 durus
526 3622 588 3694 fati
606 3620 722 3699 tenor!
744 3640 838 3697 estne
855 3625 948 3721 quod
970 3623 1018 3696 illi

130 3741 212 3810 Non
230 3740 347 3812 liceat?
363 3757 498 3836 quamn
517 3757 676 3837 poteraut
693 3743 891 3818 mortalibus
909 3747 1007 3817 aunis

130 3861 317 3932 Accesdsse
334 3885 452 3953 more,
470 3863 499 3935 ai
516 3877 570 3952 tu,
590 3878 703 3962 pater,
722 3889 823 3936 omne
840 3881 971 3938 teneres

129 3979 339 4052 Arbitrium?
359 4007 448 4054 caeco
464 3999 612 4080 gemeret
629 3983 724 4056 Mors
739 3983 852 4056 elaeusa
868 3987 1046 4075 barathro,

129 4101 281 4198 Longius
298 4117 333 4173 et
348 4129 461 4176 vacuae
477 4107 667 4202 posuissent
682 4107 825 4177 stamina
841 4110 963 4178 Parcae.
