3156 5138
414 529 467 586 15⁸
524 489 528 496 ¹
769 527 799 580 r.
824 521 948 580 vunnu
970 521 1094 579 srurn
1345 521 1447 586 <mm

410 655 476 724 Vix
492 653 623 747 requies
643 649 806 740 flammae,
828 648 988 720 necdum
1007 673 1110 746 rogus
1126 641 1182 716 ille
1197 645 1336 716 deorum

409 775 558 864 Siderat,
578 775 696 844 excisis
713 797 819 868 quum
836 788 875 841 tu
892 768 1012 841 solatia
1026 767 1160 864 templis

408 899 570 993 Impiger,
588 912 621 968 et
639 893 785 966 multum
801 894 929 965 facibus
948 891 1095 962 velocior
1112 892 1210 986 ipsis,

408 1020 565 1114 Concipis
581 1043 640 1090 ore
657 1021 734 1114 pio,
747 1017 947 1114 captivaque
960 1012 1102 1084 fulmina
1116 1013 1228 1084 defle.

406 1143 577 1210 Mirantur
593 1141 682 1210 Latii
697 1159 876 1236 proceres,-
891 1135 1049 1232 ultorque
1063 1135 1203 1206 deorum

407 1266 533 1352 Cesar,
547 1277 581 1332 et
596 1285 616 1332 e
629 1260 742 1331 medio
755 1259 871 1330 divum
888 1272 983 1355 pater
1003 1259 1124 1328 annuit
1140 1259 1220 1355 igni.

407 1387 548 1478 Jamque
565 1397 597 1452 et
614 1382 693 1452 flere
711 1382 770 1478 pio
787 1381 958 1451 Vesuvina
979 1379 1135 1451 incendia
1150 1396 1253 1450 centu
1277 1429 1280 1434 -

406 1507 502 1575 Mens
522 1499 611 1593 erat,
632 1519 666 1574 et
684 1504 844 1600 gemitum
861 1503 979 1597 patriis
998 1500 1191 1598 impendere
1210 1501 1357 1589 damnis;

407 1625 523 1714 Quum
538 1639 635 1720 pater
650 1639 844 1719 exemptum
862 1624 960 1694 terris
974 1621 1018 1692 sd
1034 1623 1144 1692 sidera
1161 1637 1314 1692 montem

408 1743 567 1834 Sustulit,
583 1760 618 1814 et
636 1744 703 1816 late
718 1746 855 1814 miseras
869 1744 991 1838 dejecit
1009 1745 1044 1812 in
1060 1727 1170 1813 urbes.
1207 1783 1212 1790 ·

456 1869 514 1936 Me
533 1891 667 1961 quoque
685 1863 816 1935 vocales
835 1863 929 1936 lucos
947 1865 1157 1960 lustrataque
1175 1865 1301 1959 Tempe

404 1987 612 2076 Pulsante'm,
631 2009 736 2080 quum
752 1987 856 2082 stirpe
869 2003 930 2056 tua
950 1985 1147 2056 descendere
1166 1983 1252 2075 dixi,

403 2107 575 2181 Admisere
593 2106 680 2197 deae;
698 2103 864 2177 nec‘enim
883 2107 965 2177 mihi
981 2105 1090 2178 sidera
1107 2110 1193 2177 tanti

405 2231 619 2324 AEquoraque
635 2243 670 2297 et
689 2242 808 2316 terras,
827 2251 929 2321 quam
950 2253 1010 2298 vos
1027 2228 1150 2300 debere
1168 2231 1311 2326 parenti.

404 2353 456 2420 Tu
473 2348 575 2446 decus
590 2349 656 2420 hoc
675 2347 902 2444 quodcunque
918 2348 1019 2444 lyrae,
1033 2351 1231 2446 primusque
1249 2349 1372 2422 dedisti
1456 2413 1458 2418 .

404 2471 483 2542 Non
498 2467 636 2565 vulgare
654 2469 762 2564 loqui,
777 2483 811 2540 et
828 2467 949 2539 famam
968 2491 1102 2566 sperare
1121 2471 1287 2567 sepulcre.
1361 2473 1364 2480 '

404 2589 522 2682 Qualis
541 2613 631 2680 eras,
647 2586 763 2660 Latios
779 2592 910 2684 quoties
928 2611 992 2686 ego
1008 2593 1156 2662 carmine
1169 2608 1279 2688 patres

404 2711 602 2798 Mulcerent,
620 2707 766 2804 felixque
783 2707 834 2780 tui
853 2726 1022 2806 spectator
1036 2711 1165 2784 adesses

404 2828 567 2903 Muneris!
585 2831 651 2901 heu
669 2829 759 2926 (preli
776 2830 934 2902 confusus
953 2833 1077 2928 gaudie
1097 2834 1192 2922 fletu,

403 2957 492 3024 Vota
511 2954 655 3048 piosque
669 2966 778 3021 metus
792 2953 894 3041 inter,
913 2951 1094 3048 laetumque
1110 2955 1288 3050 pudorem!

403 3077 517 3164 Quam
534 3088 614 3142 tuus
630 3071 686 3141 ille
706 3068 792 3141 dies!
808 3095 911 3166 qnam
927 3095 998 3143 non
1016 3076 1101 3146 mihi
1119 3075 1227 3173 gloria
1246 3075 1374 3174 major!

401 3194 492 3265 Telis
504 3191 702 3288 Olympiaca
715 3192 875 3287 juvenem
892 3217 997 3289 quum
1012 3211 1143 3291 spectat
1158 3223 1261 3268 arena

401 3317 472 3406 Qui
489 3316 627 3412 genuit,
646 3311 723 3410 plus
742 3315 813 3408 ipse
827 3311 919 3406 ferit,
937 3313 1014 3410 plus
1030 3317 1132 3388 corde
1147 3322 1211 3391 suli
1225 3320 1296 3392 alto

401 3437 550 3509 Caeditur
568 3434 772 3506 :attendunt
792 3436 904 3523 cunei;
924 3452 1095 3531 spectatur
1115 3439 1258 3511 athletes

401 3556 461 3628 Ille
477 3558 599 3652 magis,
620 3556 739 3626 crebro
759 3554 840 3624 dum
858 3553 987 3627 lumina
1007 3558 1155 3654 pulveris
1173 3559 1299 3634 haustu

401 3680 584 3765 Obruit,et
597 3701 716 3776 prensa
734 3693 833 3749 vovet
851 3683 1020 3777 exspirare
1035 3701 1170 3752 corone.

400 3802 462 3870 Hei
481 3799 580 3888 mihi,
598 3797 690 3894 quod
705 3814 838 3870 unnim
853 3803 979 3895 patrias
998 3827 1062 3898 ego
1078 3806 1203 3875 vertice
1218 3804 1354 3876 frondes

279 4007 283 4012 Ι
399 3919 543 4016 Solaque
559 3915 760 3990 Chalcidice
777 3921 927 3992 Cerealia
945 3921 1035 3994 dona
1053 3949 1186 3995 coronae

398 4045 446 4114 Te
461 4042 523 4112 sub
541 4056 626 4111 teste
642 4037 719 4112 tuli!
739 4037 873 4136 qualem
888 4058 922 4112 te
939 4037 1120 4115 Dardanus
1138 4043 1232 4118 Albe

398 4166 465 4233 vix
482 4163 622 4258 cepisset
638 4187 735 4258 ager,
756 4165 784 4232 si
802 4185 863 4258 per
882 4189 935 4234 me
955 4181 1043 4236 serta
1061 4164 1192 4238 tulisses
