3206 5136
406 483 424 540 a
709 483 922 540 cuasamos
943 482 1054 538 umas
1074 455 1125 535 1'v.
1334 483 1366 542 r..
1378 496 1411 528 ,η

407 608 539 680 Scilicet
557 608 646 704 (heu
659 607 797 703 Superi)
812 633 918 702 quum
933 623 970 678 tu
989 605 1125 676 eludare
1140 606 1260 674 minaci

406 728 558 814 Casside,
576 729 783 823 senatusque
802 753 913 816 sones,
932 753 996 822 ego
1014 727 1125 796 divitis
1142 751 1262 795 aurum

406 849 596 918 Harmonia
608 847 719 918 dotale
734 847 870 943 geram?
887 847 980 916 dabit
997 848 1107 941 aptior
1126 847 1189 914 ista

405 971 488 1036 Fors
505 971 617 1054 Deus,
632 967 870 1064 Argolicasque
887 969 1005 1037 habitu
1022 967 1185 1060 prestabo
1203 964 1357 1044 maritas,

405 1087 520 1175 Quum
536 1087 625 1182 regis
642 1089 786 1181 conjux,
807 1112 912 1181 quum
929 1103 963 1156 te
982 1087 1066 1156 mihi
1084 1087 1226 1180 sospite,
1244 1083 1367 1178 templa

404 1209 537 1277 Votivis
555 1206 725 1304 implenda
742 1208 853 1278 choris
870 1233 880 1276 ε
895 1231 985 1276 nunc
1004 1205 1122 1276 induat
1141 1205 1211 1294 illa,

405 1326 490 1414 Quae
506 1329 607 1420 petit,
622 1345 656 1398 et
672 1317 816 1399 bellante
834 1346 944 1425 potest
959 1329 1105 1425 gaudere
1121 1331 1253 1398 marito.
1267 1361 1284 1394 u

455 1449 510 1518 Sic
528 1448 733 1544 Eriphylaeos
749 1474 869 1520 aurum
888 1449 987 1520 fatale
1003 1464 1140 1546 penates

404 1569 549 1662 Irrupit,
568 1567 797 1664 scelerumque
818 1573 966 1667 ingentia
987 1572 1113 1640 semina
1131 1572 1255 1652 morit,

404 1687 450 1756 Et
466 1711 567 1782 grave
584 1691 768 1784 'lisiphone
783 1692 858 1760 risit
877 1694 989 1787 gavisa
1007 1693 1139 1762 futuris.

452 1809 617 1878 Taenareis
635 1809 689 1878 hic
705 1809 813 1882 celsus
831 1814 943 1906 equis,
959 1837 1061 1907 quarn
1078 1811 1210 1906 dispare
1220 1823 1314 1882 'coetu

405 1925 573 2020 Cyllarus,
593 1930 711 2022 ignaro
728 1947 904 2026 generarat
920 1937 1060 2004 Castore
1078 1930 1221 2026 prolem,

404 2049 552 2137 Quassat
571 2050 735 2121 humum:
749 2067 860 2121 vatem
872 2051 966 2122 cultu
982 2054 1155 2122 Parnassia
1173 2065 1359 2120 monstrant

404 2167 552 2256 Vellera,
573 2169 742 2240 frondenti
755 2171 897 2241 crinitur
913 2175 1012 2243 cassis
1027 2171 1129 2262 oliva,

405 2285 555 2384 Albaque
575 2292 735 2385 puniceas
751 2290 944 2387 interplicat
960 2291 1064 2362 infula
1081 2294 1207 2362 cristas.

405 2413 507 2482 hrma
524 2408 637 2498 simul,
657 2436 861 2507 prensosque
873 2415 959 2508 jugo
975 2413 1167 2484 moderatur
1184 2413 1338 2482 habenas.

406 2529 493 2599 Illuc
506 2543 606 2623 atque
622 2530 701 2601 inde
718 2557 822 2602 mora
833 2531 971 2628 jaculis,
988 2550 1022 2604 et
1038 2534 1145 2604 ferrea
1162 2558 1264 2604 curru

406 2649 496 2756 Silva
511 2653 647 2724 tremit:
667 2654 786 2748 procul
807 2657 877 2751 ipse
895 2657 988 2751 gravi
1007 2655 1206 2725 metuendus
1223 2654 1369 2724 iu‘hasta

403 2773 554 2861 Eminet,
573 2788 608 2842 et
624 2771 740 2869 clypeo
755 2777 883 2846 victum
900 2777 1054 2871 Pythona
1071 2791 1235 2845 coruscat.

452 2899 562 2993 Hujus
574 2894 757 2992 Apollineae
773 2922 912 2968 currum
930 2899 1135 2968 comitantur
1154 2895 1311 2990 Amyclae,

404 3022 500 3110 Quos
516 3017 634 3116 Pylos,
650 3035 685 3090 et
702 3020 813 3092 dubiis
830 3017 941 3091 Malea
958 3021 1064 3088 vitata·
1078 3016 1218 3103 carinis,

406 3137 649 3236 Plaudentique
666 3140 796 3212 habiles
812 3145 929 3236 Caryae
947 3163 1106 3210 resonare
1124 3139 1259 3226 Diana,

404 3261 501 3350 Quos
518 3264 654 3347 Pharis,
672 3259 916 3357 volucrumque
933 3287 1054 3358 parens
1074 3261 1252 3356 Cythereia
1271 3260 1394 3346 Messe,

403 3385 609 3479 Taygetique
627 3381 789 3479 phalanx,
810 3397 845 3452 et
859 3381 1002 3453 oliviferi
1020 3387 1155 3454 Eurotae

402 3505 500 3574 Dura
518 3529 638 3574 manus
653 3488 774 3574 :Deus
788 3505 860 3599 ipse
874 3507 966 3574 viros
984 3505 1020 3573 in
1038 3503 1176 3598 pulvere
1193 3501 1298 3572 crudo

403 3627 506 3696 Arcas
523 3623 604 3713 alit,
620 3624 786 3720 nudaeque
802 3625 919 3696 modos
939 3625 1089 3712 virtutis,
1106 3639 1142 3693 et
1158 3625 1223 3694 iras

402 3745 587 3840 lngcnerat
605 3771 614 3814 ε
631 3745 729 3842 vigor
748 3745 826 3816 inde
842 3747 981 3832 animis,
1000 3760 1033 3814 et
1050 3747 1168 3816 mortis
1183 3746 1322 3814 honorae

402 3863 511 3936 Dulce
531 3889 663 3937 merum
679 3892 686 3934 :
704 3867 851 3962 gaudent
867 3881 1024 3935 natorum
1043 3865 1109 3935 fata
1127 3879 1302 3961 parentes,

403 3986 661 4082 hortanturque
675 3987 762 4058 mori
778 4013 786 4056 ε
801 3985 901 4056 deflet
918 3988 1056 4080 jamque
1073 3986 1182 4056 omnis
1198 3985 1366 4080 ephebum

318 4174 321 4180 ,
402 4107 536 4194 Turbe3
555 4124 717 4179 coronato
734 4123 892 4178 contenta
911 4121 960 4176 est
978 4106 1093 4176 funere
1109 4120 1227 4176 mater.
