3080 5136
86 485 447 512 ἎἊἈΜἈἊἊὪἊἎἎΙὶἈῆἊΙ
451 483 674 504 ΕΜἊἊἊἋΜἋΜ
678 481 1138 502 ἈἎῊΜΕΜἫΜΏἉΙἎΩΜΟ

361 727 893 870 luuoilrrours

113 1074 173 1158 ΙΝ
197 1075 244 1158 P.
271 1069 489 1200 PdPlNll
510 1067 694 1154 STATll
721 1067 1122 1158 ACHILLEIDEM.

541 1370 701 1387 tuma-*u-

421 1625 462 1680 m
481 1624 633 1681 crurum
654 1611 835 1681 rursrmr.¹

135 1784 277 1841 Lactantii
291 1802 356 1858 quae
374 1783 508 1840 feruntur
527 1783 636 1840 scholia
650 1785 693 1840 od
711 1785 902 1842 Achr'lleidem
921 1805 956 1842 ex
975 1805 1035 1845 uno
1049 1786 1149 1844 codice

95 1878 187 1936 edidit
203 1876 433 1953 Lindeubrogius
453 1897 460 1932 s
475 1877 576 1934 eadem
590 1876 627 1934 ad
639 1884 697 1943 ato
710 1877 822 1952 priores
837 1897 935 1936 versus
946 1878 1047 1936 inveni·
1056 1879 1086 1935 in
1098 1899 1149 1937 co-

96 1972 160 2029 dice
173 1972 282 2048 Regio,
297 1991 340 2027 nr.
356 1971 452 2040 8040,
464 1971 584 2028 membr.
601 1971 696 2027 saeculi
714 1990 764 2043 ιι,
787 1971 927 2046 insignem
945 1973 1077 2030 lectionis
1095 1991 1146 2028 va-

94 2065 227 2122 rietatem
240 2075 269 2120 et
283 2063 477 2121 additamenta
493 2062 623 2138 qrraedam
637 2065 791 2138 praebente.
806 2065 892 2122 Unde
909 2085 974 2140 quae
987 2067 1031 2124 lais
1042 2037 1152 2122 notulii

96 2156 247 2238 inserenda
262 2155 377 2232 putavi,
391 2156 489 2215 indico
501 2155 604 2212 litteris
612 2157 645 2212 L.
660 2158 691 2212 P.

52 2239 54 2242 ¹
137 2249 197 2306 Sed
200 2252 293 2326 plum
313 2261 420 2306 vacam
434 2247 472 2326 (v.
492 2245 530 2326 t).
550 2248 777 2325 «subintellige,
797 2269 861 2324 qnae
879 2249 974 2307 omisit
998 2251 1148 2308 Homerus.

97 2341 236 2419 Virgilius
250 2341 387 2432 [AEuer'd.,
406 2362 434 2412 r,
452 2339 543 2418 4561:

205 2566 212 2580 .
228 2567 234 2579 .
251 2567 257 2580 .
274 2566 281 2580 .
296 2529 364 2580 Vidit
378 2539 403 2580 et
418 2529 501 2580 Iliacas
515 2545 544 2579 ex
560 2529 645 2579 ordine
659 2545 763 2597 pugnas,

98 2703 130 2761 id
147 2713 190 2760 est
211 2721 271 2760 non
288 2719 381 2776 usque
399 2702 437 2782 ad
457 2713 581 2758 mortem
599 2705 746 2775 Hectoris,
769 2704 821 2760 sed
839 2705 985 2780 usquead
1005 2706 1148 2762 excidium

98 2795 192 2869 Trojae
206 2795 305 2871 pictos.
321 2798 421 2871 Pugna
432 2795 508 2850 enim
521 2799 672 2853 Amazonas
686 2794 880 2874 [sic]reginae‚
897 2817 962 2873 quae
971 2799 1001 2854 in
1011 2799 1149 2856 auxilium

98 2887 201 2946 Priami
221 2888 315 2958 venit,
336 2897 404 2963 post
419 2887 590 2944 defunctum
603 2889 759 2945 Hectorem
778 2889 864 2945 luit.»
879 2892 910 2946 L.
928 2893 958 2946 P.
976 2892 1012 2946 ln
1027 2891 1150 2967 vulgatis

98 2981 156 3036 haec
165 2998 265 3036 manca
281 2990 310 3036 et
321 2989 467 3052 corrupta.

136 3075 319 3148 Deplevimas
328 3069 368 3150 (v.
376 3071 415 3147 8).
427 3071 615 3130 «uiuimus-et
625 3073 780 3130 hausimus.
789 3096 806 3124 ι
814 3075 846 3129 L.
858 3077 930 3131 tt-
938 3074 1020 3130 ldem
1028 3094 1086 3150 seq.
1101 3096 1128 3132 v.
1142 3097 1149 3132 z

99 3167 238 3232 secunda,
258 3166 424 3241 «quiajam
445 3151 620 3224 Thebaidem
636 3167 797 3241 scripserat.
815 3191 828 3218 ι

140 3259 193 3316 cui
200 3261 325 3336 gemtum
340 3259 378 3337 (v.
397 3257 454 3335 15).
470 3283 485 3311 α
501 3261 635 3318 Ostendit
647 3260 846 3318 Domitianum
859 3280 919 3318 esse
930 3271 1025 3317 vatem
1035 3273 1063 3316 et
1079 3262 1151 3318 invi-

100 3352 253 3410 ctissimum
267 3352 504 3426 imperatorem.»
518 3354 551 3409 L.
565 3357 595 3410 P.
608 3357 689 3410 -V.
705 3373 765 3428 seq.
777 3354 856 3409 Olim
869 3355 949 3410 dolet
957 3357 1051 3410 attera
1064 3355 1148 3409 crisci.

101 3470 115 3498 ι
130 3449 217 3504 Poeta
230 3447 268 3503 ab
284 3447 421 3503 oratoria.
431 3471 444 3498 ι
457 3449 559 3504 Gnoss.
573 3450 666 3508 lmmo
684 3448 880 3522 imperatoria.

140 3542 278 3594 Incautas
293 3540 568 3615 blandepopulatus
581 3543 722 3614 Amyclas
743 3538 781 3615 (v.
802 3537 861 3617 αι).
882 3543 1018 3615 cArgute
1037 3539 1150 3613 deprae-

100 3632 190 3688 datus.
205 3631 325 3708 Legitur
341 3631 371 3688 in
391 3632 518 3690 historiis
538 3634 619 3709 qnod
639 3633 759 3707 'li'ojani
780 3651 845 3690 cum
863 3631 969 3688 Graecis
986 3631 1079 3688 foedus
1096 3633 1150 3686 ha-

99 3723 234 3781 buerint:
250 3725 329 3782 unde
343 3725 427 3782 etiam
441 3727 519 3783 Paris
536 3737 578 3784 est
591 3738 739 3802 susceptus
755 3724 897 3799 hospitio,
911 3735 940 3782 et
955 3723 995 3781 sic
1009 3725 1151 3780 commisit

100 3817 278 3875 adulterium.
288 3818 359 3876 Ideo
375 3819 415 3876 ait
427 3819 567 3875 blande.»
585 3815 596 3896 (
601 3819 708 3877 Eadem
720 3823 798 3876 Lact.
814 3819 853 3876 ad
865 3839 893 3874 v.
908 3816 987 3896 l⁰l·)
1001 3817 1052 3874 His
1066 3818 1150 3874 editis

99 3910 239 3966 Lactantii
258 3910 289 3967 in
302 3909 359 3968 fine
373 3911 473 3968 scholii
492 3911 572 3968 addit
587 3913 649 3968 MS.
671 3930 678 3967 ε
698 3937 711 3963 a
726 3913 825 3988 Dictys
845 3912 987 3970 Cretensis
1004 3922 1102 3968 namet
1120 3911 1148 3966 in

99 4003 216 4060 historia
234 4024 322 4080 quam
341 4006 378 4063 de
397 4005 509 4062 excidio
530 4007 625 4080 Trojae
646 4006 773 4082 scripsit,
794 4006 940 4064 Hecubam
956 4004 1061 4062 Priami
1076 4003 1149 4079 regis

100 4114 232 4171 uxorem,
242 4098 313 4155 dum
322 4110 394 4156 esset
406 4118 557 4175 praegnans
571 4099 712 4172 araride,
722 4099 811 4156 facem
824 4119 878 4176 per
886 4099 1013 4176 quietem
1027 4097 1149 4174 edidisse
