3172 5142
167 451 287 514 (austu
487 436 703 511 muamus
726 450 835 511 stultu
860 451 925 506 Vll.
1172 471 1225 510 ιιι
1351 504 1355 523 ,

167 575 324 648 hlarcitla
345 591 378 644 te
398 573 514 646 fractis
531 573 735 670 planxerunt
753 581 880 648 Ismara
899 577 1041 672 thyrsis,

166 701 218 766 Te
237 695 393 784 Tmolos,
412 711 444 765 te
462 698 553 790 Nysa
570 695 680 784 ferax,
700 697 894 790 Theseaque
915 699 1048 780 Naxos,

166 821 215 886 Et
229 817 389 886 Thebana
406 831 497 886 motu
513 818 646 910 juretus
664 819 699 885 in
717 817 823 912 Orgia
841 819 989 912 Ganges.

168 939 242 1007 Nec
261 963 398 1032 segnem
416 936 581 1032 Argolicas
598 962 730 1009 sensere
744 936 902 1010 Eteoclea
922 953 1058 1026 turmas,

166 1059 307 1128 Parcior
326 1058 368 1126 ad
382 1059 471 1127 cives
486 1056 656 1152 Polynieis
677 1058 848 1136 inhorruit
868 1061 967 1128 ensis.

219 1179 353 1247 Eminet
371 1195 449 1248 ante
468 1177 551 1248 alios
565 1179 637 1271 jam
657 1177 917 1251 formidantibus
936 1203 1018 1247 arva

169 1299 396 1394 Amphiaraus
414 1302 527 1394 equis,
548 1325 587 1370 ac
605 1298 712 1371 multu
731 1298 869 1394 pulvere
886 1301 987 1370 vertit

168 1421 335 1515 Campum
357 1420 589 1515 indignantem
609 1446 617 1489 :
638 1420 764 1490 famulo
784 1420 886 1490 decus
906 1421 1001 1490 addit
1019 1423 1120 1490 inane

136 1599 141 1606 .
167 1543 328 1627 Moestus,
347 1555 380 1610 et
397 1557 565 1613 extremos
583 1542 695 1614 obitus
715 1541 861 1612 illustrat
882 1541 1016 1638 Apollo.

167 1661 229 1732 Ille
248 1665 349 1732 etiam
364 1662 536 1764 clypeum,
557 1663 752 1759 galeamque
771 1662 920 1737 incendit
934 1663 1071 1734 honoro

168 1784 310 1854 Sidere:
331 1809 392 1854 nec
413 1784 509 1854 tarde
529 1784 644 1873 fratri,
664 1785 833 1876 Gradive,
855 1785 994 1874 dedisti,

168 1907 308 2000 Neque
325 1929 445 1976 manus
464 1921 595 1993 vatem,
614 1905 756 2000 nequid
776 1905 933 1977 mortalia
951 1907 1039 1978 bello

167 2027 305 2098 Laedere
327 2028 391 2098 tola
411 2042 560 2122 queant:
576 2043 748 2115 sanctum,
769 2043 802 2104 at
823 2029 1016 2098 venerabile
1031 2033 1103 2100 Diti

169 2153 285 2245 Funus
305 2166 399 2219 erat:
420 2148 497 2220 talis
514 2149 643 2220 medios
659 2148 803 2224 infertur
823 2151 857 2222 in
877 2150 988 2222 hostes

169 2273 292 2341 Certus
310 2285 343 2339 et
362 2273 432 2366 ipse
453 2272 541 2340 necis
559 2297 567 2338 :
585 2272 673 2340 vires
691 2269 816 2342 fiducia
833 2269 891 2343 leti

169 2393 345 2488 Suggerit3
367 2392 445 2461 inde
465 2393 539 2462 viro
558 2393 758 2486 majoraque
779 2393 948 2480 membra,
966 2393 1104 2489 diesque

169 2515 304 2602 laetior,
324 2529 358 2583 et
378 2537 552 2606 nunquam
571 2528 665 2584 tanta
682 2515 889 2609 experientis
910 2513 1004 2604 coeli,

169 2637 205 2705 Si
222 2651 316 2706 vacet
332 2661 340 2703 ι
359 2637 482 2704 avertit
502 2636 602 2725 morti
621 2637 831 2704 contermina
852 2637 980 2706 Virtus.

169 2755 274 2827 Ardet
291 2755 460 2851 inexpleto
478 2757 554 2826 saevi
573 2757 738 2826 Mavortis
757 2781 888 2844 amore,

170 2881 215 2948 Et
233 2878 358 2946 fruitur
371 2877 511 2965 'dextra,
531 2891 632 2970 atque
650 2878 762 2946 anima
782 2877 945 2973 flagrante
965 2881 1125 2973 superbit.

170 3003 235 3070 llic
253 3001 430 3070 hominnm
449 3023 547 3068 casus
564 2997 685 3087 lenire,
705 3013 739 3068 et
757 2997 889 3068 demere
906 2998 983 3072 fatis

170 3125 251 3190 lura
268 3119 440 3214 frequens,
456 3133 623 3212 quantum
641 3120 754 3190 subito
772 3119 924 3188 diversus
940 3121 983 3189 ab
1001 3119 1079 3208 illo,

170 3245 239 3332 Qui
259 3241 429 3337 tripodas,
450 3239 633 3334 laurusque
652 3241 766 3334 sequi,
787 3243 846 3334 qui
865 3239 984 3312 doctus
1005 3243 1040 3310 in
1059 3244 1151 3312 omni

170 3363 270 3434 Nube
288 3361 434 3434 salutato
452 3361 624 3431 volucrem
645 3385 846 3456 cognoscere
865 3361 1003 3432 Phoebo.

170 3482 494 3556 Innumeram-ferro
512 3481 661 3577 plebem,
682 3507 743 3552 ceu
763 3481 875 3554 letifer
895 3507 1023 3560 annus,

171 3611 237 3676 hut
251 3605 353 3699 jubar
371 3604 501 3674 adversi
519 3628 620 3700 grave
639 3601 776 3691 sideris,
797 3602 950 3674 immolat
972 3605 1100 3674 umbris

170 3731 243 3822 lpse
262 3728 330 3795 suis
350 3751 357 3794 :
374 3723 486 3818 jaculo
505 3723 707 3820 Phlegyam,
723 3724 904 3818 jaculoque
921 3725 1102 3820 superbum

170 3845 315 3942 Phylea,
334 3844 456 3914 falcato
474 3845 651 3932 Chromin,
661 3845 951 3916 etChremetaona
971 3873 1092 3934 curru,

171 3969 332 4038 Comitum
352 3967 445 4036 hunc
463 3980 606 4036 stantem
625 3967 737 4052 metit,
757 3967 848 4038 launo
867 3991 886 4036 a
905 3964 1031 4060 poplite
1051 3983 1196 4054 sectum,
1239 4003 1242 4009 ·

173 4087 319 4182 Cuspide
332 4086 474 4156 demissa
491 4086 677 4175 Chromin,
697 4087 962 4181 Iphinoumque,
982 4091 1173 4183 Sagenque,
