3080 5136
314 470 354 525 1u
376 470 406 524 Ρ.
428 469 458 523 e.
481 467 609 524 srarn
630 465 737 522 Tuan.
760 468 831 522 uua.
852 467 906 524 nr.
972 439 973 442 ‘
1081 467 1137 528 325

126 587 168 640 Et
186 584 266 659 Tyra·
282 581 321 662 (v.
340 583 414 662 177).
429 611 441 635 ιι
452 573 556 639 Melius
570 583 696 656 optimus
711 593 740 638 et
758 583 806 639 alii
820 584 887 639 libri
903 603 910 637 τ
926 585 966 638 At
985 585 1075 660 Tyrii.
1091 609 1106 636 a

275 705 278 712 ¹
617 685 618 688 ’
963 677 1074 733 Binan.

130 771 256 826 Culmine
264 767 302 847 (v.
323 768 397 845 194).
413 771 458 825 Sc.
475 768 587 842 templi,
597 769 642 823 vel
657 767 760 824 aedium
773 768 968 842 pastoralium.
979 770 1015 824 V.
1026 763 1138 826 ΒΑΜ.

130 864 362 937 Gaudentemqne
372 860 474 930 jubam
498 859 536 935 (v.
559 857 637 938 orl).
653 861 707 914 ΜΒ
726 881 733 914 :
751 862 986 934 «undantemque
998 860 1107 932 jubam.
1126 885 1138 910 s

129 960 276 1030 Astyagen
290 954 328 1031 (a.
351 952 429 1028 253).
447 953 501 1007 ΜΒ
521 973 528 1007 :
549 953 715 1008 Astaciden.

127 1050 168 1102 Et
194 1067 214 1101 a
226 1047 318 1120 fluvio
335 1043 374 1124 (v.
395 1044 474 1118 258).
494 1047 569 1101 Bene
587 1047 642 1100 ΜΒ
666 1065 674 1098 t
698 1064 740 1100 ae
760 1043 858 1102 fluvio.
873 1069 885 1095 a
899 1045 1029 1102 -ldem
1043 1056 1109 1102 ante
1128 1065 1135 1100 :

85 1151 235 1214 utrumqne
249 1152 329 1195 tenet.
771 1141 773 1148 ’
913 1153 916 1158 “

128 1232 205 1286 Puer
217 1233 324 1306 Agrius
334 1228 371 1306 (v.
384 1227 462 1308 266).
474 1248 490 1285 2
500 1231 613 1286 Bebott.
629 1249 637 1283 ε
653 1228 809 1304 Argt'pltns.
823 1261 864 1274 --
873 1232 973 1286 Paullo
985 1240 1052 1304 post
1066 1231 1120 1285 ΜΒ
1132 1249 1138 1283 :

87 1325 240 1380 contemnas
253 1325 337 1379 vieto.
1080 1317 1084 1324 ’

130 1416 253 1489 Sagen...
269 1417 368 1471 mersit
380 1413 420 1491 (v.
436 1413 515 1490 269).
532 1417 587 1470 ΜΒ
602 1434 609 1468 :
634 1417 762 1488 Tagen...
783 1416 893 1490 mergit.
903 1414 1034 1470 -ldem
1048 1415 1139 1470 altero

84 1509 193 1564 abhinc
205 1527 291 1564 versu
307 1528 315 1562 :
331 1511 397 1563 Des.
413 1510 479 1582 τέρα
487 1507 613 1579 fratrem
629 1519 773 1580 erepturus
787 1510 841 1581 Ag.

127 1600 277 1657 Chaletnm
296 1600 333 1676 (v.
350 1601 428 1678 276).
442 1603 498 1656 ΜΒ
517 1621 524 1655 :
542 1601 690 1668 Calenum
704 1602 774 1674 Reg.
800 1620 812 1655 1
837 1621 843 1654 :
863 1600 1057 1675 Capemm.—
1072 1601 1139 1674 Seq.

83 1713 112 1747 v.
134 1693 248 1747 Nodato
265 1694 382 1767 ςωξιίε.
407 1692 505 1763 «Quia
520 1693 650 1766 astringit
674 1692 785 1768 vertigo
805 1689 931 1748 fluminis
949 1703 1092 1760 natantes,
1111 1704 1140 1750 et

85 1802 149 1839 non
164 1782 214 1839 dat
232 1783 356 1857 spatium
370 1784 546 1840 evadendis
560 1785 647 1839 Lacr.

133 1875 251 1930 Concita
267 1887 357 1930 tracen
372 1876 492 1951 gurgitis
508 1876 545 1950 (v.
563 1873 641 1952 282).
664 1898 679 1926 α
688 1876 789 1950 Apage
805 1875 966 1951 segniorem
979 1893 1067 1950 quiam
1082 1895 1138 1950 pro

87 1986 119 2022 re
135 1985 236 2023 vocem
252 1977 281 2022 et
293 1967 385 2024 scribe
403 1987 469 2024 eum
483 1979 543 2042 opt.
561 1990 567 2023 :
585 1957 722 2023 ieoneita
736 1980 828 2040 raptu.
838 1991 853 2018 a
869 1969 979 2024 Bsuru.

135 2061 354 2134 Thebannmqne
375 2062 488 2116 Ls'cltan
508 2060 547 2137 (v.
563 2058 642 2136 291).
666 2059 713 2116 sic
733 2079 800 2116 sane
831 2060 917 2116 codd.
938 2061 1069 2135 aliquot;
1091 2062 1142 2118 sed

86 2154 202 2225 plures,
215 2151 291 2207 inter
321 2171 394 2227 quos
413 2155 483 2222 ΜΒ,
510 2153 686 2208 Theboenm:
712 2150 791 2206 unde
814 2151 862 2206 alii
883 2152 993 2208 librarii
1014 2153 1143 2209 iecerunt

89 2244 376 2301 Phoebenm.=Forma
391 2231 485 2320 ¹igitur
510 2244 649 2300 Thebaeus
664 2242 732 2316 quia
748 2243 791 2298 uti
810 2261 871 2298 non
888 2243 1005 2299 videtin
1021 2243 1142 2316 Statius,

87 2336 255 2393 Gronovius
268 2337 460 2412 probabiliter
479 2335 564 2392 finxit
581 2335 760 2402 Thesbarum,
778 2337 845 2390 coll.
865 2335 933 2407 768.

128 2431 193 2485 Non
207 2431 359 2505 decepture
365 2443 501 2505 parentes
516 2428 554 2504 (v.
570 2424 649 2504 295).
666 2427 724 2482 ald
748 2438 790 2483 est
812 2426 843 2481 in
861 2427 946 2483 unius
963 2429 1047 2484 vultu
1066 2429 1144 2486 desi-

88 2531 159 2576 nant
171 2532 305 2595 parentes
319 2541 354 2578 ex
372 2521 559 2578 similitudine
572 2518 700 2575 filiorum
714 2537 820 2575 errare.
830 2542 846 2570 a
865 2521 953 2575 Lacr.

128 2613 216 2669 Solvit
228 2611 266 2691 (v.
289 2613 366 2680 301).
380 2618 520 2685 Peneus,
535 2617 606 2688 neg.
625 2633 636 2667 1
656 2633 663 2667 :
679 2614 772 2668 solvet.

127 2706 274 2779 Elysias...
288 2725 396 2762 sorores
411 2703 448 2783 (v.
466 2706 544 2781 323).
560 2730 572 2756 a
584 2708 687 2760 Parcas
701 2704 731 2758 in
746 2702 849 2779 Elysiis
862 2703 969 2776 eampis
983 2702 1141 2760 dominan-

88 2807 138 2853 tes.
158 2798 296 2874 lntelligit
309 2811 431 2855 mortem
447 2809 476 2854 et
490 2797 528 2853 ad
542 2797 652 2872 Elysios
672 2814 788 2870 campos
811 2793 942 2873 [aditum]
957 2815 1017 2853 esse
1035 2796 1066 2852 in
1082 2815 1142 2871 po-

88 2900 188 2946 testate
208 2894 394 2950 Parcarum.»
411 2895 513 2947 Guoss.
701 2901 703 2908 ’

130 2984 297 3058 Pan'terqne
313 2985 460 3039 revertitur
469 2985 563 3038 amnis
573 2981 612 3060 (v.
629 2983 708 3058 327).
720 3005 731 3031 u
742 2981 869 3036 Omnino
878 2982 1032 3056 legendnm
1041 2985 1123 3040 amni
1134 3004 1144 3038 .·

90 3076 121 3130 id
135 3086 178 3132 est
191 3078 330 3150 cumipse
349 3075 467 3132 flumine
486 3075 631 3133 celeritate
650 3073 772 3130 vertitur
785 3083 813 3128 et
827 3075 992 3132 revertitur.
1005 3100 1018 3126 a
1029 3079 1141 3132 Basra.

92 3169 287 3225 Anthedonius
300 3169 424 3244 hospes,
446 3171 581 3226 Glaucus.

132 3263 192 3316 Nec
205 3262 328 3316 discolor
342 3261 379 3338 (v.
397 3260 475 3337 338).
492 3263 566 3316 Mu:
582 3261 673 3315 «tam
691 3258 825 3314 discolor.
839 3283 851 3307 n
865 3259 923 3314 Sed
936 3260 1009 3315 illud
1029 3279 1142 3331 venun,

89 3363 122 3407 ut
135 3364 212 3408 recte
230 3352 342 3426 judicat
357 3354 508 3411 Weberus.
559 3367 561 3372 ’

131 3445 238 3500 Misero
260 3442 300 3523 (v.
317 3444 395 3522 378).
415 3443 470 3500 ΜΒ
488 3464 495 3500 :
515 3445 636 3500 misem
652 3445 688 3500 Et
708 3464 734 3499 v.
752 3443 810 3502 380
831 3443 908 3499 idem
935 3445 1075 3519 Reppulit
1084 3463 1140 3518 pro

90 3540 202 3595 rettulit.

133 3633 229 3700 Scene,
251 3633 320 3688 oeni
337 3629 377 3710 (v.
400 3630 478 3709 398).
496 3633 550 3686 ΜΒ
571 3643 600 3686 et
620 3632 692 3688 alius
712 3653 719 3686 :
740 3633 815 3688 Sere.
835 3662 876 3674 -
895 3631 960 3686 Non
979 3631 1026 3685 In'c
1050 3633 1142 3686 solum

91 3741 240 3780 accensure
252 3736 393 3800 nepotem.
415 3723 565 3780 «Habebis
579 3741 694 3780 eausam
711 3725 795 3780 aliam
815 3726 1004 3798 laerymarum
1020 3734 1142 3798 propter

92 3817 239 3893 Hypseum
263 3816 363 3872 funere
377 3815 453 3893 [MS.
475 3814 559 3870 lind.
582 3835 589 3870 :
610 3815 818 3873 amaneum.»
832 3814 994 3884 An'srotris
1010 3816 1055 3870 vel
1066 3815 1141 3886 fm-

92 3913 221 3965 ternum?
237 3911 302 3966 coll.
326 3929 354 3966 v.
380 3907 449 3986 449]
468 3907 575 3980 filium,
600 3927 686 3982 quem
705 3920 806 3983 postea
826 3911 975 3982 Capaneus
996 3906 1141 3963 occisurus

92 4011 140 4057 est.
154 4025 169 4053 s
188 4004 274 4057 Lacr.
295 4001 406 4059 emend.
427 4021 442 4057 e
465 4000 530 4057 eod.
549 4000 637 4056 Paris.
653 4001 788 4058 Rectiora
803 4003 863 4057 haee
876 4019 964 4075 quarn
979 4018 1043 4074 qua
1060 4001 1140 4075 glos-

94 4095 256 4171 segraphus.
