3094 5140
380 467 438 524 252
698 462 914 522 THEBAIDOS
933 463 1044 521 LIBER
1065 465 1134 522 XII.
1326 469 1358 528 (r.
1367 469 1427 532 6²5.)

379 594 529 681 Sunion,
547 591 639 664 unde
655 593 733 686 vagi
751 615 908 662 casurum
930 593 965 660 in
983 591 1122 660 nomina
1139 591 1234 684 ponti

379 716 512 786 Cressia
534 713 668 808 decepit
687 711 771 784 falso
790 713 873 781 ratis
894 715 997 807 AEgea
1017 711 1104 781 velo.

378 839 450 905 Hos
467 832 611 904 Salamis
628 831 791 928 populos,
810 830 885 904 illos
903 830 1051 902 Cerealis
1068 830 1205 902 Eleusin

379 954 526 1024 Horrida
544 954 715 1048 suspensis
733 952 778 1021 ad
795 951 914 1049 proelia
931 953 1023 1022 misit
1040 955 1186 1022 aratris:

378 1081 423 1148 Et
439 1101 524 1171 quos
542 1074 713 1148 Callirhoe
730 1075 847 1144 novies
867 1071 1059 1144 erranfihus
1077 1075 1178 1145 undis

378 1197 552 1292 Implioat,
567 1211 601 1266 et
619 1211 725 1291 rapta
740 1196 800 1289 qui
819 1197 973 1265 conscius
991 1196 1155 1289 Orithyiae

379 1316 510 1389 Celavit
530 1317 668 1386 Geticos
686 1316 769 1409 ripis
786 1313 900 1384 Ilissos
917 1339 1060 1385 amores.

379 1441 456 1532 Ipse
469 1461 605 1532 quoque
622 1438 657 1505 in
673 1459 804 1531 pugnas
821 1451 984 1505 vacuatur
999 1434 1113 1522 collis,
1133 1437 1192 1505 uhi
1211 1437 1331 1531 ingens

379 1559 438 1628 Lis
454 1537 643 1652 Superum,
663 1554 773 1624 dubiis
792 1553 901 1624 donec
919 1580 1006 1626 nova
1025 1571 1179 1651 surgeret
1198 1557 1303 1626 arhor

379 1670 556 1773 Rupibus,
572 1691 606 1746 et
622 1675 724 1772 longa
741 1674 897 1770 refugum
917 1701 1009 1746 mare
1026 1675 1198 1772 frangeret
1217 1680 1351 1746 umbra.

379 1803 464 1868 Isset
481 1812 514 1867 et
531 1802 672 1868 Arctoas
688 1796 838 1866 Cadmea
856 1796 898 1865 ad
919 1799 1044 1866 moenia
1062 1797 1188 1868 ducens

379 1917 560 2014 Hippolyte
576 1932 704 1987 turmas
722 1943 730 1986 :
751 1919 875 1987 retinet
889 1918 962 2012 jam
982 1933 1074 1988 certa
1094 1921 1254 1988 tumentis

380 2043 464 2136 Spes
486 2041 592 2126 uteri,
610 2041 801 2133 conjuxque
818 2053 916 2133 rogat
933 2038 1102 2108 dimittere
1120 2065 1217 2109 curas

373 2159 517 2247 Martis,
532 2175 566 2230 et
584 2162 739 2230 emeritas
758 2159 907 2230 thalamo
926 2185 1060 2230 sacrare
1077 2160 1264 2254 pharetras.

430 2287 502 2352 Hos
519 2281 578 2350 ubi
598 2281 685 2352 velle
701 2283 806 2371 acies,
826 2296 860 2351 et
879 2281 969 2351 dulci
989 2281 1129 2377 gliscere
1147 2282 1236 2352 ferro

379 2410 460 2476 Dux
479 2402 590 2488 videt,
606 2419 710 2498 utque
728 2405 790 2498 piis
811 2405 936 2498 raptim
955 2403 1168 2472 dentsosoula
1186 2405 1277 2472 natis

380 2523 634 2620 Amplexusque
655 2523 796 2612 breves,
811 2548 914 2594 curru
934 2525 982 2593 sic
999 2524 1089 2592 fatur
1108 2524 1151 2592 ab
1168 2523 1260 2593 alto:

380 2649 591 2716 «Terrarum
611 2643 700 2740 leges
717 2660 751 2714 et
770 2644 889 2714 mundi
907 2644 1032 2714 foedera
1053 2671 1185 2715 mecum
1234 2661 1237 2666 '
1505 2675 1506 2752 ,

380 2765 572 2836 Defensura
589 2790 727 2850 manus,
746 2764 865 2860 dignas
885 2766 1045 2835 insumite
1063 2781 1192 2836 mentes

380 2888 554 2982 Goeptibus
565 2912 573 2956 :
585 2886 649 2956 hac
659 2911 793 2956 omnem
806 2887 1000 2981 Divumque
1011 2887 1253 2983 hominumque
1266 2889 1420 2972 favorem,

379 3007 614 3100 Naturamque
631 3007 772 3093 ducem,
789 3009 960 3102 coetusque
976 3007 1104 3077 silentis
1118 3013 1247 3079 ‘Averni

380 3131 476 3197 Stare
495 3128 607 3224 palam
619 3142 703 3198 ¹est:
723 3127 792 3198 illie
809 3129 989 3198 Poenarum
1007 3131 1153 3198 exercita
1171 3132 1295 3202 Thebis

379 3251 549 3344 Agmina,
567 3264 602 3320 et
613 3251 824 3345 anguicomae
843 3249 968 3320 ducent
988 3249 1109 3321 vexilla
1126 3277 1268 3321 sorores.

378 3375 430 3440 Ite
448 3370 593 3459 alacres,
612 3385 797 3466 tantasque,
814 3373 950 3466 precor,
969 3372 1128 3441 confidite
1147 3389 1296 3442 causat.»

428 3493 537 3580 Dixit,
556 3507 590 3562 et
608 3495 728 3563 emissa
745 3501 900 3588 praeceps
912 3495 976 3562 iter
994 3495 1133 3564 inchoat
1152 3495 1257 3565 hasta.

379 3611 499 3704 Qualis
515 3614 742 3708 hyperboreos
762 3613 819 3683 uhi
839 3613 975 3684 nubilus
996 3616 1118 3684 institit
1135 3641 1212 3684 axes

379 3735 548 3828 Juppiter,
567 3750 601 3805 et
618 3736 729 3828 prima
747 3735 1059 3806 tremefecit'sidera
1076 3737 1215 3823 bruma3

380 3858 565 3949 Rumpitur
585 3855 710 3945 AEolia,
728 3871 762 3926 et
782 3856 917 3952 longam
939 3857 1116 3952 indignata
1135 3857 1282 3950 quietem

379 3974 481 4046 Tollit
498 3977 607 4046 hiems
618 3979 772 4066 animm,
794 3978 1000 4072 ventosaque
1017 3975 1127 4046 sibilat
1146 3982 1275 4049 Arctos.

379 4099 476 4166 Tunc
495 4112 625 4168 montes
645 4098 810 4193 undaeque
831 4097 996 4187 fremunt,
1016 4115 1098 4168 tunc
1118 4096 1232 4194 proelia
1252 4096 1341 4166 caesis
