3172 5142
151 419 269 485 uass.)
460 421 674 482 mutuos
694 423 806 482 unm
825 421 878 484 rx.
1150 421 1201 504 253

151 545 383 642 Efflantesque
398 547 526 618 animas
542 563 633 618 retro
650 550 772 644 premit
789 547 909 618 obvius
927 545 1046 618 amnis.

203 663 410 737 Flumineam
428 670 580 762 rapiente
598 669 685 738 vado
704 693 789 763 puer
803 669 925 764 Agrius
943 665 1071 738 ulmum

150 785 358 873 Prenderat,
378 789 524 884 insignes
544 789 701 860 humeros
721 789 812 858 ferus
828 813 907 859 ense
925 791 1116 860 Menoeceus

154 910 314 1001 Amputat
333 935 341 977 :
359 907 414 978 ille
430 909 570 996 cadens,
588 909 740 981 nondum
757 913 933 981 conamine
952 910 1107 1000 ademto,

152 1029 306 1097 Truncus
323 1029 359 1098 in
374 1029 512 1100 excelsis
529 1046 658 1126 spectat
674 1057 734 1101 sua
752 1032 890 1101 brachia
910 1033 1022 1101 ramis.

153 1153 305 1244 Hypseos
324 1152 421 1220 hasta
438 1154 547 1247 Sagen
569 1153 696 1248 ingenti
715 1152 853 1222 vulnere
868 1155 1007 1223 mersit:

152 1269 215 1339 tlte
232 1287 347 1341 :narret
363 1272 488 1360 fundo,
506 1273 606 1344 rediit
623 1299 686 1369 pro
704 1299 846 1369 corpore
865 1277 1010 1369 sanguis.

203 1393 346 1462 Desiluit
364 1396 446 1491 ripis
465 1395 602 1464 fratrem
619 1409 778 1490 rapturus
798 1401 934 1492 Agenor

153 1518 230 1582 Heu
245 1516 358 1600 miser,
377 1532 411 1584 et
428 1519 555 1607 tenuit3
574 1517 632 1586 sed
648 1519 781 1586 saucius
799 1516 854 1588 ille
871 1516 1035 1587 levantem

153 1637 326 1729 Degravat
340 1636 495 1732 amplexu
513 1665 520 1706 :
539 1651 674 1732 poterat
690 1637 857 1709 resolutus
877 1643 1014 1734 Agenor

153 1757 337 1826 Emensisse
352 1757 461 1847 vadis,
480 1757 602 1852 puduit
617 1761 690 1828 siue
708 1757 811 1828 fratre
826 1761 962 1828 reverti.

202 1879 378 1973 Surgetem
393 1877 511 1948 dextra
526 1878 748 1964 Chaiatnum,
765 1877 954 1973 vulnusque
971 1882 1155 1950 minantem

155 1999 319 2068 Sorhebat
336 1999 473 2094 rapidus
493 1998 618 2070 nodato
635 2001 768 2095 gurgite
783 2013 922 2068 vortex:

153 2125 228 2190 Jam
241 2119 353 2212 vultu,
368 2123 440 2216 jam
457 2124 549 2192 crine
566 2121 666 2211 latet,
681 2123 752 2214 jam
769 2121 906 2190 dextera
924 2145 1108 2214 nusquam,

157 2243 304 2313 Ultimus
321 2245 483 2340 abruptas
501 2245 589 2313 ensis
607 2241 780 2312 descendit
796 2243 830 2310 in
850 2239 988 2308 undas·

153 2365 249 2436 Mille
269 2367 377 2451 modis
398 2365 454 2436 leti
473 2367 611 2436 miseros
631 2389 722 2434 mors
740 2387 808 2432 una
827 2361 957 2457 fatigat.

153 2489 269 2558 Induit
287 2513 305 2557 a
324 2503 418 2584 tergo
436 2485 617 2582 Mycalesia
634 2487 745 2580 cuspis
764 2489 937 2579 Agyrten:

153 2611 330 2706 Respexit,
350 2633 517 2704 nusquam
539 2624 658 2678 auctor
673 2621 767 2693 erat;
786 2605 861 2695 sed,
881 2606 1011 2674 concita
1032 2619 1141 2674 tractu

153 2732 324 2825 Gurgitis,
342 2731 505 2824 effugiens
524 2731 698 2798 invenerat
717 2727 811 2796 hasta
832 2749 998 2794 cruorem.

202 2853 335 2948 Figitur
353 2869 386 2922 et
404 2850 533 2922 validos
554 2852 687 2945 sonipes
707 2846 838 2918 AEtoius
859 2848 893 2914 in
914 2869 1044 2935 armos,

152 2971 364 3067 Exsiluitque
384 2971 450 3040 alte
471 2973 503 3038 ri
524 2971 660 3054 mortis,
681 2985 714 3038 et
732 2991 810 3037 aera
830 2965 982 3060 pendens

152 3095 319 3163 Verberat
335 3119 343 3164 :
359 3092 451 3163 haud
473 3107 583 3162 tamen
603 3105 654 3160 est
672 3090 827 3158 turbatus
844 3087 985 3156 ssumine
1001 3085 1123 3155 ductor
1138 3115 1145 3158 :

151 3216 219 3286 Sed
235 3217 413 3285 miseratur
430 3237 575 3308 equum,
594 3235 786 3306 magnoque
807 3233 826 3278 e
845 3206 987 3278 vulnere
1008 3203 1111 3274 telum

151 3340 253 3408 Exuit
271 3339 344 3432 ipse
363 3361 520 3432 gemens,
539 3349 572 3404 et
590 3347 711 3428 sponte
729 3325 857 3401 remisit
875 3329 1035 3398 habenas.

152 3460 236 3531 Inde
255 3457 356 3556 pedes
375 3459 495 3552 repetit
512 3479 659 3554 pugnas,
678 3475 881 3550 gressuque,
902 3471 1071 3542 manuque

152 3583 297 3670 Certior,
316 3595 350 3650 et
367 3603 501 3678 segnem
520 3578 701 3662 Nomium,
721 3573 910 3665 fortemque
926 3571 1110 3659 Mimanta,

150 3703 418 3796 'l'hehanumque
437 3701 587 3787 Lichan,
611 3689 931 3786 Anthedoniumque
950 3695 1111 3785 Lycetum

154 3825 340 3895 Continuat
358 3827 466 3908 t'erro,
489 3819 694 3914 geminisque
710 3841 729 3886 e
746 3813 906 3884 fratribus
925 3835 1031 3881 unum

151 3943 363 4038 Thespiaden
380 3969 388 4011 :
404 3947 519 4011 eadem
539 3938 688 4036 poscenti
705 3937 774 4007 fata
793 3939 958 4017 Panemo,

153 4067 266 4137 «Vive
285 4075 467 4158 superstes,
488 4064 553 4150 ait,
575 4061 719 4154 diraeque
737 4061 782 4129 ad
797 4056 918 4125 moenia
937 4051 1069 4122 Thebes
