3080 5136
392 471 449 528 aas
503 527 505 534 ,
664 438 937 528 Ἀωιιιειυοε
958 471 1072 530 nmen
1092 473 1129 528 u.
1330 477 1394 538 <m

390 610 460 670 Ant
476 613 598 668 teretes
618 599 765 694 thyrsos,
780 616 840 670 aut
855 599 1091 695 respondentia
1107 616 1240 672 tentant

356 695 359 702 Ι
389 723 581 814 Tympana,
598 719 774 815 gemmatis
792 734 854 790 cut
871 733 1011 811 pectunt
1027 735 1180 815 tempora
1197 719 1314 792 limbis
1334 749 1344 790 ε

389 844 494 910 Arma
511 839 642 928 vident,
658 863 850 936 magnoque
869 855 996 935 putant
1012 840 1138 912 donata
1155 845 1303 936 parenti.
1372 879 1376 885 ·

352 947 356 954 ¹
387 965 432 1030 At
451 960 542 1030 ferus
561 960 730 1050 AEacides,
749 959 937 1031 radiantem
958 975 997 1030 ut
1013 962 1166 1061 cominus
1184 960 1308 1032 orbem

387 1079 551 1152 Caelatnm
568 1082 692 1176 pugnis
709 1081 822 1168 saevis,
845 1095 880 1150 et
898 1080 986 1152 forte
1005 1081 1183 1152 rubentem

385 1200 557 1273 Bellorum
577 1200 735 1291 maculis,
750 1199 914 1272 acclinem
933 1216 967 1271 et
983 1203 1148 1297 conspicit
1166 1203 1321 1290 hastam

386 1323 584 1412 Infremnit,
608 1325 772 1418 torsitque
787 1347 911 1420 genas,
929 1337 964 1392 et
978 1313 1091 1394 fronte
1112 1323 1228 1396 relicta

386 1448 569 1515 surrexere
587 1469 719 1520 comae:
738 1469 905 1538 nusquam
923 1441 1080 1516 mandata
1100 1446 1265 1538 parentis,

386 1567 564 1659 Nusquam
581 1564 734 1634 occultus
752 1589 861 1652 amor,
877 1579 1016 1657 totoque
1033 1566 1068 1633 in
1085 1580 1220 1659 pectore
1234 1567 1342 1660 Troja
1357 1585 1425 1636 est.

434 1689 483 1756 Ut
504 1684 574 1775 leo,
592 1700 747 1756 materno
764 1710 870 1779 quum
887 1700 1005 1780 raptus
1025 1686 1069 1754 ab
1090 1685 1192 1756 ubere
1208 1711 1325 1757 mores

385 1806 538 1900 Accepit,
558 1807 713 1901 pectique
728 1805 846 1900 jubas,
864 1783 1105 1900 hominemque
1122 1808 1230 1878 vereri

385 1926 551 2015 Edidicit,
569 1925 746 2021 nullasque
761 1929 831 1998 ruit
850 1927 914 1998 nisi
933 1929 1047 2022 jussus
1064 1929 1099 1996 in
1119 1929 1204 2016 ires3

385 2049 419 2116 si
438 2045 538 2120 semel
558 2047 700 2118 adverso
721 2047 864 2118 radiavit
882 2046 1010 2118 lumine
1028 2049 1171 2138 ferrum,

385 2169 524 2262 Ejurata
545 2167 647 2257 fides,
668 2167 881 2263 domitorque
899 2169 1077 2258 inimicus;
1097 2172 1133 2240 in
1150 2169 1247 2240 illum

385 2291 499 2361 Prima
513 2289 632 2380 fames,
653 2289 840 2385 timidoque
860 2290 965 2384 pudet
982 2292 1121 2362 seruisse
1138 2294 1311 2387 magistro.

433 2413 484 2482 Ut
504 2436 583 2488 vero
603 2412 742 2484 accessit
757 2413 912 2506 propius,
931 2411 1192 2513 luxqueaemula
1209 2411 1348 2486 vultum

384 2531 562 2619 Reddidit,
580 2547 615 2602 et
635 2532 779 2602 similem
795 2532 930 2603 tandem
949 2559 984 2604 se
1000 2533 1086 2602 vidit
1103 2536 1139 2602 in
1152 2559 1260 2623 auro,

384 2655 545 2742 Horruit,
563 2652 770 2748 erubuitque
787 2652 888 2724 simul
907 2679 916 2722 ε
935 2669 1018 2725 tunc
1037 2680 1116 2724 acer
1133 2654 1248 2726 Ulixes

382 2773 548 2845 Admotus
568 2773 666 2846 lateri
683 2775 850 2846 subnissa
865 2799 948 2844 voce
969 2801 978 2842 ε
998 2803 1015 2840 α
1033 2775 1128 2867 Quid
1146 2776 1276 2846 heres?

385 2894 535 2983 Scimus,
557 2896 623 2982 ait,
646 2909 684 2966 tu
700 2895 846 2966 semiferi
864 2895 1023 2966 Chironis
1039 2895 1217 2987 alumnus,

383 3019 436 3084 Tu
453 3013 545 3104 coeli,
563 3014 743 3110 pelagique
760 3040 866 3111 nepos
883 3043 892 3085 ε
910 3031 943 3085 tc
958 3019 1084 3088 Dorica
1101 3018 1231 3106 classis,

381 3139 429 3204 Te
450 3151 506 3206 tua
524 3137 693 3230 suspensis
709 3151 880 3231 exspectat
895 3139 1027 3208 Graecia
1043 3139 1166 3236 signis,
1302 3203 1307 3210 .

381 3261 525 3350 ipsaque
538 3259 615 3356 jam¹
626 3256 736 3328 dubiis
754 3272 876 3354 nutant
891 3259 953 3328 tibi
969 3263 1133 3357 Pergama
1153 3266 1268 3332 muris.

380 3379 462 3464 Eia,
484 3401 561 3482 age,
579 3375 830 3472 rumpe'moras
852 3405 861 3450 :
880 3381 971 3468 sine,
991 3380 1117 3476 perlida
1133 3381 1257 3479 palleat
1277 3386 1358 3474 lde,

284 3579 285 3584 ἵ
381 3500 427 3567 Et
441 3499 536 3594 juvet
552 3497 622 3568 haec
638 3483 930 3594 audire'patrem,
940 3501 1132 3596 pudeatque
1151 3501 1306 3576 dolosam

381 3621 437 3688 Sic
453 3644 517 3713 pro
537 3634 570 3690 te
589 3620 739 3690 timuisse
756 3621 882 3712 ¹Thetin
900 3647 908 3690 r
925 3650 944 3686 n
964 3623 1034 3717 jam
1051 3637 1167 3718 pectus
1185 3627 1314 3698 amictu

380 3738 549 3828 taxabat,
569 3765 674 3834 quum
691 3740 819 3836 grande
838 3743 935 3832 tuba,
953 3743 1003 3813 sic
1013 3744 1142 3839 jussus,
1157 3748 1300 3841 Agyrtes

381 3861 561 3930 Insonnit:
578 3859 714 3960 lugiunt
730 3862 881 3958 disjectis
893 3865 1043 3958 undique
1061 3865 1188 3954 donis,

1399 479 1442 540 :il

379 3980 631 4078 lmplorantqne
651 3991 1056 4082 patrem,'commotaque
1073 3987 1190 4084 proelia
1207 3989 1370 4063 credunt.
1415 4045 1423 4052 -
1524 3993 1525 4022 ¹

270 4139 273 4146 .
380 4100 474 4172 Illius
491 4106 624 4188 intactae
639 4105 790 4176 cecidere
804 4128 825 4176 a
840 4123 974 4202 pectore
988 4109 1106 4180 restes.
