3172 5142
117 477 239 543 tetus
434 445 649 535 marinos
671 481 782 536 nunu
804 481 877 534 vur.
938 559 939 562 q
1023 551 1027 560 ι
1119 479 1172 546 137

121 602 294 697 Claraque
311 603 372 698 per
392 629 527 672 somnos
545 602 861 674 animis‘simulacra
882 601 1026 672 reverti?

120 725 211 792 Ecce
230 747 311 818 ego,
328 748 403 816 quae
423 722 607 814 thalamos,
629 749 690 794 nec
708 727 736 794 si
753 723 820 819 pax
839 723 907 793 alta
924 731 1092 810 maneret,

121 845 318 914 Tractarem
334 867 451 933 sensu,
471 843 589 940 (pudet'
605 841 710 941 beul)
731 839 901 914 condubia
917 843 986 912 vidi

123 963 245 1050 Nocte,
258 965 355 1032 soror
365 989 374 1032 :
384 989 545 1057 sponsum
557 964 704 1062 (undel)
717 965 800 1034 mtbi
813 988 915 1058 sopor
929 949 1039 1031 attulit
1057 985 1175 1030 amens

122 1083 193 1149 Vix
212 1096 330 1150 notum
351 1085 424 1152 visu
441 1109 450 1151 ε
469 1083 570 1153 semel
590 1084 696 1153 bisin
716 1084 851 1154 sedibus
866 1081 980 1172 illum,

122 1205 219 1269 Dum
239 1227 314 1272 mea
332 1205 444 1273 nescio
458 1229 526 1297 quo
544 1204 755 1301 spondentur
773 1203 899 1273 foedera
915 1206 1011 1298 pacto

123 1324 271 1416 Respexi
286 1347 355 1391 non
373 1339 509 1418 sponte,
531 1350 627 1395 soror
645 1351 653 1394 :
670 1325 804 1394 turbata
821 1338 959 1420 repente

123 1443 252 1512 Omina
270 1444 466 1533 cernebarn;
486 1446 683 1541 subitusque
703 1443 873 1515 intercidit
891 1444 997 1540 ignis3

123 1566 250 1657 Meque
270 1565 473 1659 sequebatur
491 1566 609 1636 rabido
629 1559 966 1661 clamore'reposcens

124 1687 239 1754 Mater
254 1689 354 1781 Atyn.
376 1688 543 1776 Quaenam
561 1686 631 1756 baec
649 1686 931 1782 dubiae'praesagia
950 1684 1078 1756 cladis?

124 1807 199 1875 Nec
213 1806 332 1892 timeo,
350 1805 432 1876 dum
448 1822 520 1877 tuta
539 1807 677 1896 domus,
694 1805 856 1900 milesque
873 1806 1008 1876 recedat

126 1928 291 2011 Doricus,
309 1943 342 1997 et
362 1928 510 1998 tumidos
527 1925 628 1998 liceat
647 1952 850 2022 componere
870 1927 1031 1997 fratres.»

177 2045 270 2116 Talia
291 2048 488 2137 nectebant,
508 2048 620 2118 subito
640 2073 745 2141 quum
763 2049 859 2143 pigra
880 2045 1026 2116 tumultu

127 2169 273 2262 Expavit
291 2166 428 2260 domus,
447 2183 481 2237 et
500 2165 608 2238 multo
623 2168 749 2238 sudore
765 2182 918 2262 receptus

126 2289 249 2358 Fertur
269 2292 366 2382 Atys,
386 2313 524 2358 servans
542 2291 690 2358 animam
704 2289 774 2383 jam
791 2287 953 2384 sanguine
973 2287 1085 2389 nullq‚

128 2413 195 2480 Cui
213 2436 334 2482 manus
353 2414 388 2481 in
408 2412 523 2508 plaga,
543 2412 712 2508 dependet
731 2413 891 2510 languida
908 2416 1019 2484 cervix

127 2533 284 2602 Enterior
299 2531 433 2627 clypeo,
452 2534 629 2628 crinesque
648 2559 668 2603 a
685 2534 795 2604 fronte
816 2535 939 2630 supini.

178 2654 291 2722 Prima
307 2652 417 2741 videt,
436 2676 616 2748 caramque
631 2669 775 2724 tremens
792 2657 921 2724 Iocasta
933 2657 1080 2725 'vocabat

127 2777 306 2843 Ismenen:
326 2797 471 2866 namque
490 2773 555 2842 boc
574 2772 684 2843 solum
703 2774 906 2844 moribunda
925 2792 1082 2871 precatur

127 2897 206 2963 Vox
226 2896 341 2988 generi
357 2919 365 2961 t
382 2891 490 2963 solum
508 2893 573 2963 boc
590 2892 710 2988 gelidis
727 2895 797 2988 jam
814 2919 937 2964 nomen
958 2899 1084 2966 inerrat

127 3014 321 3084 Faucibus:
338 3012 527 3084 exclamant
545 3013 678 3084 famulae
695 3041 703 3083 :
722 3013 862 3084 tollebat
878 3017 913 3084 in
935 3041 996 3086 ora

128 3137 236 3230 Virgo
253 3159 395 3204 manus:
415 3137 522 3204 tenuit
540 3158 646 3204 saevus
665 3134 799 3230 pudor:
815 3151 960 3206 attamen
982 3139 1030 3207 ire

127 3256 285 3350 Cogitur,
306 3252 459 3348 indulget
478 3279 647 3324 summum
667 3255 733 3324 boc
751 3258 882 3326 Iocasta
894 3257 1041 3350 jacenti,

128 3373 352 3467 Ostenditque
373 3373 539 3468 offertque
557 3389 701 3468 :quater
716 3376 788 3469 jam
806 3389 913 3444 morte
931 3377 994 3445 sub
1015 3379 1086 3472 ipsa

127 3493 184 3563 Ad
202 3517 324 3562 nomen
341 3494 450 3582 visus,
470 3494 664 3589 dejectaque
680 3494 812 3564 fortiter
833 3521 892 3564 ora

130 3610 276 3682 Sustulit
295 3639 303 3681 :
323 3611 414 3681 illam
434 3637 535 3683 unam
553 3613 706 3709 neglecto
725 3613 852 3684 lumine
870 3613 941 3684 coeli

129 3731 301 3826 Adspicit,
321 3747 355 3803 et
373 3731 469 3802 vultu
487 3759 556 3803 non
577 3736 759 3804 exsatiatur
779 3751 901 3806 amato.

127 3857 227 3922 Tunc
244 3854 322 3947 quia
342 3878 404 3922 nec
425 3856 568 3950 genitrix
586 3856 697 3950 juxta,
717 3857 913 3953 positusque
931 3860 1029 3929 beata

128 3976 242 4043 Morte
261 3988 368 4067 pater,
385 3999 516 4068 sponsae
530 3999 653 4044 munus
672 3975 858 4049 miserabile
878 3980 1033 4069 tradunt,

128 4091 306 4165 Declinare
324 4119 425 4189 genas
442 4120 450 4163 ε
467 4095 512 4164 ibi
535 4094 669 4165 demum
688 4111 772 4166 teste
792 4114 921 4168 remoto
