3156 5138
408 505 412 512 ἱ
466 433 661 508 sumnum
682 437 793 494 mnne
816 437 865 492 1v.
1133 439 1187 495 103

762 556 1187 587 mmmm

636 771 699 926 H:

461 1149 876 1222 EUCHARISTICON

260 1571 337 1627 m.
359 1567 517 1629 tuousn.
539 1573 800 1633 GERMANICUM
815 1573 1076 1632 ΒΟΜΙΤΙΔΝῙΙΜ.

590 1875 754 1894 *

193 2112 310 2182 horn
325 2110 472 2180 Sidoniae
488 2111 641 2180 convivia
659 2109 775 2185 laudat
793 2110 891 2182 Elisae

142 2232 216 2324 Qui
235 2253 395 2326 magnum
413 2233 552 2302 AEneam
569 2230 795 2301 Laurentibus
811 2229 926 2300 intulit
941 2231 1052 2321 arvis3

143 2349 345 2444 Alcinoique
362 2349 463 2446 dapes
482 2375 641 2422 mensuro
658 2350 805 2421 carmine
825 2364 991 2421 monstrat

142 2473 290 2565 AEquore
303 2473 367 2566 ,qui
388 2471 497 2542 multo
517 2469 675 2542 reducem
694 2473 901 2566 consumpsit
915 2469 1062 2558 Ulixen3

142 2593 205 2662 Ast
222 2614 305 2685 ego,
324 2593 380 2660 cui
400 2615 500 2665 socrae
519 2595 630 2664 Cesar
646 2613 733 2664 nova
753 2589 875 2687 gaudio
893 2615 994 2662 coeno

145 2713 249 2783 Nunc
267 2712 433 2806 primum„
450 2711 652 2807 dominoque
669 2712 762 2782 dedit
777 2735 979 2808 consurgere
993 2735 1126 2798 mensa,

145 2833 226 2921 Qua
241 2829 407 2902 celebrem
423 2855 499 2900 mea
516 2845 594 2904 vote
614 2829 710 2926 lyra?
727 2856 809 2928 quus
824 2830 952 2902 solvere
966 2843 1076 2928 grates

146 2951 343 3022 Sufficiam?
360 2976 447 3040 non,
469 2953 497 3022 si
515 2954 641 3046 pariter
656 2953 737 3023 mihi
758 2952 882 3023 vertice
901 2950 977 3023 laeto
1044 3025 1047 3030 Δ

145 3071 440 3145 Nectet-edorates
457 3085 490 3141 et
511 3074 653 3166 Smyrna
672 3085 707 3142 et
721 3076 863 3142 Mantua
882 3071 1013 3163 lauros,

142 3192 257 3286 Digne
273 3189 403 3285 loquer.
421 3190 545 3263 Mediis
562 3191 680 3261 videor
696 3192 906 3264 discumbere
921 3193 958 3262 in
973 3193 1072 3263 nstris

142 3314 231 3382 Cum
246 3314 347 3401 Jove,
369 3324 402 3380 et
418 3309 522 3380 Iliaca
541 3325 733 3406 porrectum
751 3337 881 3383 sumere
897 3313 1015 3382 dextre

143 3429 338 3502 immortale
356 3451 499 3510 merum.
518 3428 656 3501 Steriles
673 3433 919 3502 transmisimus
937 3455 1064 3520 ennos3

144 3555 225 3620 nec
242 3551 303 3622 sevi
319 3551 403 3620 mihi
421 3551 530 3645 primu
546 3551 636 3640 dies,
652 3553 723 3622 baec
740 3549 856 3622 limine
874 3553 960 3621 vitae.

143 3674 236 3740 Tene
255 3695 338 3766 ego,
356 3685 515 3767 regnator
536 3684 700 3742 terrorum
719 3673 878 3766 orbisque
896 3671 1026 3742 subacti

142 3793 269 3885 Magne
288 3815 431 3885 parens,
446 3806 501 3882 te,
522 3816 598 3887 spes
616 3792 815 3878 hominum,
834 3807 888 3883 te,
905 3815 986 3862 cura
1003 3795 1175 3881 Deorum,

41 3915 44 3922 '
143 3913 259 3981 Cerno
276 3911 411 4006 jacens?
430 3912 531 3982 detur
551 3913 615 3984 buc
631 3914 747 4008 juxte,
769 3913 868 3982 datur
885 3939 945 3983 ora
960 3913 1048 3983 tueri

143 4025 233 4100 Vina
251 4032 357 4121 inter,
377 4056 592 4127 mensasque,
610 4047 644 4104 et
661 4057 730 4104 non
747 4058 920 4130 assurgere
937 4033 986 4104 los
1003 4033 1077 4104 est?
