3192 5148
379 463 417 520 ts

733 465 764 520 Ρ.
787 463 912 519 ruam
931 461 1057 518 sunm

479 591 598 658 Vestra
616 601 664 657 est
685 589 747 656 ista
765 587 857 679 diem
877 588 1000 674 favete,
1021 587 1140 672 Musas,

476 715 567 780 Dum
586 710 644 804 qui
664 733 723 777 vos
741 709 891 803 geminas
912 706 989 777 tulit
1008 721 1175 802 perantes

478 833 521 900 Et
539 830 659 898 vincta
679 827 764 923 pede
782 828 888 915 vocis,
906 841 940 897 et
959 826 1101 940 solinney
1152 820 1162 836 ‘
1251 857 1255 862 ·

476 951 620 1021 Romani
638 946 761 1019 colitur
777 947 871 1016 chori
891 948 1053 1018 sacerdos.

417 1155 431 1174 t
525 1067 618 1138 Felix
634 1068 702 1137 heu
717 1067 833 1156 nimis,
851 1081 886 1137 et
905 1067 1003 1137 beata
1023 1064 1139 1154 tellus,

476 1192 562 1283 Quas
582 1213 707 1286 pronos
726 1188 927 1282 Hyperionis
946 1201 1075 1258 meatus

478 1308 624 1379 Summis
645 1308 773 1376 Oceani
791 1306 885 1378 vides
903 1308 939 1375 in
958 1306 1072 1394 undis,

479 1426 731 1519 stridoremque
751 1441 833 1495 rotae
851 1426 999 1495 cadentis
1020 1425 1143 1494 audis:

480 1553 566 1650 Quae
580 1548 755 1618 Tritonide
774 1546 898 1618 fertiles
917 1549 1064 1620 Athenas

480 1671 621 1756 Unctis,
640 1670 781 1753 Baetica,
799 1691 961 1763 provocas
980 1665 1135 1762 trapetis!

482 1791 659 1860 Lucanum
676 1801 772 1882 potes
792 1789 958 1882 imputare
975 1789 1094 1874 terris;

482 1913 557 1978 Hoc
573 1903 649 2004 plus
665 1931 767 2002 quam
784 1910 944 1976 Senecam
961 1906 1090 1975 dedisse
1108 1905 1235 1976 mundo

484 2031 555 2098 Aut
571 2025 704 2096 dulcem
722 2050 897 2120 generasse
913 2025 1116 2096 Gallionem.

483 2145 625 2218 Attollat
640 2146 764 2215 refluos
784 2147 819 2214 in
838 2159 928 2214 astra
944 2145 1052 2214 sontes

483 2269 589 2339 Graio
608 2265 753 2336 nobilior
769 2263 893 2334 Melete
913 2267 1020 2336 Baetis.

427 2429 430 2436 Δ
484 2388 610 2474 Baetin,
628 2389 785 2472 Mantua,
803 2405 987 2479 provocare
1005 2383 1085 2454 noli.

532 2508 660 2577 Natum
678 2519 854 2600 protenus,
875 2519 975 2600 atque
991 2505 1134 2576 humum
1151 2507 1331 2600 peripsam

486 2626 601 2694 Primo
618 2647 792 2694 murmure
808 2623 907 2694 dulce
922 2627 1113 2721 vagientem

487 2742 616 2815 Blando
632 2743 785 2840 Calliope
800 2747 877 2814 sinu
898 2748 1036 2840 recepit.

486 2867 574 2934 Tum
590 2865 738 2960 primum
757 2865 866 2960 posito
884 2865 1022 2934 remissa
1038 2863 1131 2934 luctu

487 2987 622 3080 Longos
638 2985 794 3079 Orpheos
812 2985 920 3053 exsuit
935 2983 1088 3070 dolores;

487 3107 529 3174 Et
547 3103 631 3173 dixit
648 3129 656 3172 :
675 3107 834 3172 «Puero
853 3101 961 3172 dicate
977 3105 1099 3188 Musis,

409 3249 412 3257 ·
487 3226 671 3319 Longnvos
687 3223 754 3292 cito
775 3223 955 3292 transiture
972 3236 1080 3310 vates,

488 3347 567 3416 Non
586 3358 622 3412 tu
641 3335 796 3428 flumina,
814 3367 877 3412 nec
894 3367 1010 3438 greges
1027 3343 1188 3429 ferarum,

487 3467 559 3533 Nec
578 3462 706 3558 plectro
722 3463 860 3533 Geticas
877 3463 1026 3530 movebis
1042 3487 1165 3546 orn0s;

488 3582 553 3670 Sed
570 3597 697 3678 septem
711 3584 813 3678 juga,
830 3584 1060 3677 Martiumque
1077 3583 1239 3677 Tybrim,
1289 3577 1295 3590 ’

487 3708 530 3774 Et
547 3703 661 3773 doctos
679 3705 822 3798 equites,
841 3705 875 3772 e't
892 3702 1071 3796 eloquente

489 3826 601 3893 Cantu
618 3843 827 3918 purpureum
846 3823 958 3893 trahes
975 3838 1138 3894 senatum.

490 3946 681 4042 Nocturnas
697 3942 754 4012 alii
769 3945 941 4040 Phrygum
959 3946 1094 4042 ruinas,

491 4069 533 4134 Et
551 4064 645 4134 tarde
661 4062 792 4135 reducis
808 4063 878 4134 vias
894 4063 1002 4153 Ulixi,
