3172 5142
177 499 213 562 (1-
230 501 300 564 “il
489 501 703 558 THEBAIDOS
723 503 835 558 LIBER
854 502 905 557 vl.
1188 500 1223 557 61

177 625 321 713 Cadme,
336 624 471 708 domus;
486 625 598 696 nullus
612 628 713 721 Tyrio
729 650 830 722 grege
845 623 1015 720 plangitur
1031 625 1152 697 infans.

175 747 345 815 Primitins
358 760 489 840 egomet
503 745 741 841 laerymarum,
759 761 794 814 et
810 744 905 836 credis
922 745 1049 814 acerbae

177 869 267 934 Ante
282 866 378 934 tubas
392 865 584 959 ferrumque
599 865 677 954 tuli,
692 867 771 935 dum
788 865 898 934 deside
912 883 992 934 curn

177 984 289 1055 Credo
303 987 394 1054 sinus
408 985 494 1054 lidos
509 983 649 1074 altricis,
666 1001 699 1055 et
713 986 816 1054 ubera
829 973 964 1054 mande.
1019 1045 1021 1054 ,

178 1087 309 1194 Quidni
323 1106 406 1201 ego?
420 1107 580 1176 narrabat
593 1122 761 1176 servatum
779 1106 895 1176 fraude
910 1121 1098 1201 parentem,

137 1255 148 1266 ·
178 1229 398 1319 Insontesque
414 1249 532 1295 manus
548 1251 555 1295 :
569 1223 625 1296 en!
642 1251 744 1319 quam
759 1225 859 1296 ferale
873 1245 1028 1320 putemus

174 1335 361 1440 'Abjurasse
381 1371 532 1433 sacrum,
553 1361 588 1415 et
605 1348 724 1417 Lemni
746 1345 925 1442 gentilibus
944 1371 1046 1415 unam
1077 1341 1084 1360 ’

180 1471 370 1536 Immunem
388 1466 483 1534 furiis
504 1492 512 1534 ε
532 1467 601 1536 haec
618 1464 691 1554 illa,
712 1483 746 1538 et
766 1445 1031 1560 creditis-ausae?

182 1591 261 1655 Haec
279 1587 401 1679 pietate
418 1585 558 1678 potens?
575 1585 654 1656 solis
672 1587 795 1680 abjecit
811 1589 845 1654 in
861 1587 950 1656 arvis

184 1706 263 1774 Non
281 1729 410 1799 regem,
429 1704 661 1794 dominumve3
682 1704 807 1776 alienos
827 1706 929 1800 impie
951 1719 1083 1800 partus,
1178 1729 1181 1738 ·

184 1828 257 1893 Hoc
280 1838 426 1912 tantum,
447 1824 603 1918 silvaeque
621 1826 753 1896 infamis
772 1827 905 1898 tramite
922 1825 1056 1919 liquit„
1224 1921 1226 1926 Ι

186 1947 295 2036 Quem
304 1947 498 2041 nonanguis
507 1962 603 2016 atrox
613 1946 710 2043 (quid
719 1931 809 2017 enim
818 1948 882 2016 hae
892 1943 1230 2042 opus,hei·mihi,leti

186 2066 277 2137 Mole
296 2065 414 2160 fuist),
432 2081 563 2136 tantum
581 2066 655 2158 coeli
672 2066 851 2138 violentior
867 2091 965 2153 aura,
1000 2101 1002 2106 v
1141 2045 1143 2052 Α

186 2177 407 2281 impulsaeque
423 2188 513 2256 Noto
530 2187 679 2276 frondes,
699 2181 876 2282 eassusque
892 2184 1017 2256 valeret

188 2309 387 2376 Exanimare
405 2308 515 2376 timor.
534 2310 606 2379 Nec
625 2333 682 2378 vos
702 2311 866 2378 incessere
883 2306 974 2376 luctu
1141 2391 1150 2416 ,

188 2429 281 2496 (trba
296 2426 405 2495 habeo
423 2452 431 2494 ε
450 2427 551 2496 fixum
570 2431 670 2497 matri
687 2430 927 2521 immotumque
945 2425 1102 2495 manebat

189 2551 260 2616 Hac
277 2546 393 2616 altrice
409 2547 501 2620 rrefas
520 2575 527 2617 :
547 2565 582 2618 at
599 2552 681 2642 quin
699 2564 732 2618 et
750 2547 892 2620 blandus
909 2547 952 2618 ad
969 2545 1078 2633 illam,

191 2672 294 2756 Nate,
313 2671 437 2763 magis,
457 2668 561 2738 solam
580 2695 695 2756 nosse,
713 2685 812 2764 atque
832 2669 948 2764 audire
965 2651 1161 2752 vocantem,

191 2793 397 2883 Ignarusque
417 2791 480 2858 mei
500 2815 508 2856 :
528 2788 620 2860 nulla
637 2815 676 2858 ex
694 2805 726 2858 te
744 2789 866 2884 gaudia
882 2790 992 2858 matri.

191 2907 252 2977 llla
271 2923 344 2977 tuos
363 2924 515 3002 questus,
537 2897 806 3006 lacrymosdsque
823 2910 925 3003 impia
943 2910 1027 2976 risus

194 3030 319 3117 Audiit,
338 3044 372 3097 et
387 3031 478 3098 vocis
496 3029 660 3124 decerpsit
676 3055 849 3100 murmura
866 3032 981 3124 primae
999 3055 1006 3096 :
1026 3053 1027 3056 ¹

192 3147 252 3218 llln
270 3150 330 3217 tibi
350 3151 492 3243 genitrix
510 3175 658 3246 semper,
676 3151 843 3220 dum‘vitn
861 3127 1036 3237 manebnt,

193 3271 292 3340 Nune
309 3294 382 3365 ego.
400 3270 465 3340 Sed
482 3273 608 3340 miserae
626 3273 708 3340 mihi
728 3297 789 3340 nec
806 3273 926 3367 punire
943 3283 1088 3364 potestus

195 3394 249 3461 Sic
266 3394 420 3462 meritam
439 3419 447 3460 τ
468 3393 550 3485 quid
566 3393 673 3482 dona,
688 3393 807 3480 duces,
823 3393 904 3487 quid
921 3392 1035 3461 inania
1051 3390 1142 3458 sertis

193 3515 287 3582 Justn
306 3512 416 3607 rogis?
434 3511 541 3601 illem,
561 3512 609 3581 nil
626 3530 770 3608 poscunt
786 3512 934 3608 amplius·
946 3511 1089 3596 umbrae,

194 3631 305 3716 Illam,
325 3657 401 3720 orn,
422 3609 525 3702 cineri
544 3633 658 3720 simul,
679 3637 862 3729 excisaeque
882 3635 1011 3728 parenti
1076 3711 1084 3721 ,

194 3751 352 3837 Reddite,
367 3777 497 3845 quaes0,
512 3752 612 3822 duces
631 3779 638 3821 :
656 3757 718 3848 per
735 3779 797 3849 ego
812 3756 884 3824 haec
899 3751 1082 3849 primordia
1098 3749 1191 3832 belli,

196 3873 258 3940 Cui
274 3875 387 3965 peperi
407 3899 415 3940 ε
436 3875 483 3942 sic
502 3897 597 3966 reque
615 3889 750 3967 gemunt
766 3875 848 3942 mihi
868 3874 986 3944 funera
1002 3887 1124 3941 matres

197 3993 343 4086 Ogygiae.
356 4023 373 4056 n
392 3995 519 4062 Sternit
534 3995 660 4082 crines,
678 3995 842 4087 iteratque
858 3993 1044 4090 precando,
1226 3979 1230 3984 ⁵

198 4110 364 4179 «Reddite
384 4137 392 4179 ε
412 4137 473 4180 nec
494 4135 575 4181 vero
595 4111 778 4202 crudelem,
798 4114 998 4207 avidamque
1017 4123 1133 4179 vocate
