3094 5140
377 433 438 492 aas
682 433 899 490 raanunos
919 433 1034 490 unns
1052 435 1121 492 xu.
1314 441 1352 500 (ι.
1374 440 1444 502 ηε.)

376 565 479 654 Isque
496 559 553 628 ubi
573 573 665 628 mota
679 583 772 628 novo
789 560 920 654 stupuit
938 533 1013 628 loca
1033 557 1103 628 sola
1117 557 1283 646 tumultu,

376 680 640 774 Femineumque
660 703 814 774 gregem,
830 702 907 773 quse
921 681 992 774 jam
1010 703 1113 774 super
1130 682 1266 774 agmina
1283 683 1414 749 lernae

377 798 457 872 Sola
475 799 582 889 videt,
602 825 671 869 non
690 797 746 869 ille
763 801 851 868 viam
869 825 1052 894 causasque
1069 801 1228 894 requirit,

376 924 512 1018 Quippe
533 933 663 1016 patent;
680 935 800 991 moesto
818 919 877 989 sed
896 923 945 994 sic
962 921 1056 1014 prior
1072 937 1287 1016 occupatore

375 1043 483 1134 «Quo
500 1044 644 1130 miserm,
660 1065 730 1136 quo
744 1041 840 1110 fertis
857 1041 942 1110 iteri
958 1039 1105 1135 funusne
1122 1045 1283 1137 peremtis

375 1164 545 1260 Speratis,
562 1164 776 1254 cineremque
794 1160 899 1230 viris?
919 1174 986 1230 stat
1002 1161 1146 1256 pervigil
1167 1160 1234 1230 illic
1296 1197 1300 1204 ·

377 1285 581 1354 Umbrarum
598 1297 731 1368 custos,
746 1281 992 1375 *inhumataque
1007 1305 1150 1375 corpora
1167 1284 1235 1377 regi
1253 1297 1256 1302 '

374 1408 584 1475 Annumerat
602 1431 610 1473 ε
631 1427 796 1498 nusquam
813 1401 982 1496 lacryma,
1001 1401 1119 1496 procul
1137 1427 1242 1496 usque
1259 1403 1373 1499 fugati

374 1529 536 1614 Accessus
553 1525 729 1594 hominum
747 1547 756 1590 ι
776 1521 855 1592 solis
874 1523 1221 1617 avibusqueferisque

375 1649 429 1714 Ire
448 1642 526 1714 licet
543 1669 552 1712 ε
572 1643 737 1712 vestrisne
748 1645 862 1713 Creon
883 1642 976 1715 dabit
987 1667 1102 1736 equus
1118 1642 1282 1713 bonorem

376 1763 558 1836 Luctibus?
577 1764 723 1832 immites
740 1764 839 1833 citius
857 1760 1031 1834 Busiridos
1048 1787 1140 1850 aras,

377 1885 580 1980 Odrysiique
598 1884 720 1954 famem
737 1883 880 1972 stabuli,
900 1884 1099 1978 Siculosque
1115 1884 1228 1955 licebit

375 2009 524 2076 Exorare
541 2009 654 2078 Deos:
673 2007 782 2100 rapiet
798 2005 940 2076 fortasse
958 2021 1132 2100 precantes

375 2129 427 2222 (Si
445 2151 539 2196 mens
559 2140 639 2196 nota
657 2124 774 2221 mihi),
792 2150 854 2196 nec
873 2125 1076 2221 conjugialia
1094 2135 1195 2222 supra

378 2251 531 2336 Funera,
549 2245 607 2317 sed
626 2247 710 2316 caris
728 2244 830 2342 longe
850 2247 1010 2316 mactabit
1028 2247 1071 2316 ab
1090 2249 1228 2318 umbris.

375 2371 468 2462 Quin
485 2369 616 2464 sugitis,
632 2367 712 2438 dum
733 2381 807 2438 tuta
827 2369 881 2438 via
896 2385 964 2458 est,
984 2373 1196 2464 Lernamque
1211 2395 1355 2441 reverse

376 2491 543 2578 Nomina,
564 2490 657 2584 quod
675 2506 843 2584 superest,
861 2491 974 2560 vacuis
992 2490 1077 2560 datis
1098 2492 1180 2560 orba
1194 2489 1376 2586 sepulcris,
1541 2473 1542 2504 r

375 2611 606 2704 absentesque
623 2612 752 2680 animas
768 2609 810 2678 ad
830 2611 943 2680 inania
964 2611 1061 2680 busta
1076 2611 1227 2681 vocatis?

375 2740 442 2804 Aut
463 2758 523 2802 vos
541 2734 738 2826 Cecropiam
757 2732 880 2828 (prope
902 2756 1046 2825 namque
1066 2746 1098 2802 et
1118 2733 1247 2804 Thesea
1265 2734 1356 2803 lama
1375 2749 1425 2803 est
1542 2731 1543 2758 ¹

373 2853 676 2925 Thermodontiaco
695 2853 807 2924 laetum
826 2877 972 2922 remeare
987 2853 1176 2948 triumpho)

311 2989 313 2994 ’
374 2973 563 3069 Imploratis
580 2974 704 3070 opem?
719 2973 809 3044 bello
825 2974 996 3068 cogendus
1013 2989 1046 3044 et
1068 2976 1170 3044 armis

374 3099 413 3165 Iu
429 3121 539 3166 mores
557 3097 797 3190 hominemque
814 3099 934 3166 Creon.
945 3125 962 3160 n
979 3097 1035 3166 Sic
1053 3095 1160 3182 fatus,
1180 3111 1216 3165 at
1235 3095 1299 3165 illis

375 3222 582 3288 Horruerant
603 3217 774 3312 lacrymae,
791 3221 987 3311 stupuitque
1005 3218 1159 3285 immanis
1174 3215 1275 3285 eundi

375 3343 545 3434 Impetus,
564 3353 664 3434 atque
685 3365 753 3408 uno
771 3337 883 3407 vultus
899 3336 1027 3432 pallore
1048 3339 1165 3407 notati.

422 3463 500 3533 Non
520 3485 614 3531 secus
630 3459 758 3530 afflavit
771 3458 891 3529 molles
906 3461 934 3527 si
949 3459 1086 3553 quando
1103 3459 1264 3552 juvencas

374 3581 523 3676 Tigridis
545 3587 706 3676 Hyrcanae
722 3583 875 3676 jejunum
899 3605 1063 3668 murmur,
1080 3595 1121 3649 et'
1133 3583 1204 3674 ipse

374 3703 500 3772 Auditu
518 3704 675 3772 turbatur
693 3727 785 3798 epm.
807 3705 908 3773 timor
925 3703 1081 3771 omnibus
1099 3705 1236 3796 ingens,

375 3825 458 3914 Quoe
478 3823 706 3918 placeat,'·qts,
749 3849 806 3892 ..ra
824 3823 926 3892 sames
938 3821 1119 3892 descendat
1141 3823 1174 3890 in
1196 3825 1327 3890 armon

424 3947 596 4014 Continuo
614 3927 740 4024 disnors
758 3946 850 4013 vario
868 3945 1031 4013 sententia
1053 3959 1147 4012 motu

378 4067 572 4164 eruditur:
595 4067 646 4136 lus
690 4049 810 4154 ¹hebes,
831 4065 1063 4159 tumidumque
1078 4067 1204 4134 ambire
1225 4069 1393 4150 Creonta,
