3192 5148
491 549 685 604 SILVARUM
705 549 858 605 LIBERI.

634 992 720 1077 ΙΙΙ.

270 1254 408 1321 VILLA
432 1253 682 1325 TIBURTINA
708 1257 874 1325 MANLII
899 1256 1088 1325 VOPISCI.

598 1597 760 1614 ψ

201 1871 371 1939 Cnnnnnr
388 1867 524 1938 facundi
537 1868 643 1938 Tibur
658 1869 796 1964 glaciale
810 1855 946 1966 Vopisci

151 1990 188 2057 Si
203 1989 292 2082 quis,
310 2003 344 2056 et
358 1989 483 2056 inserto
500 1990 652 2083 geminos
667 1991 799 2059 Aniene
813 2003 965 2084 penates,

150 2112 221 2180 Aut
236 2109 347 2202 potuit
360 2108 456 2178 sociae
472 2109 673 2177 commercia
687 2132 824 2201 noscere
838 2110 934 2204 ripe,

152 2231 397 2321 Certantesquc
411 2227 474 2295 sibi
494 2226 670 2296 dominum
684 2227 862 2296 defendere
878 2226 995 2314 villas;

150 2345 253 2416 Illum
268 2371 330 2415 nec
345 2343 454 2414 calido
471 2343 607 2438 latravit
622 2347 728 2416 Sirius
743 2361 849 2434 astro,

152 2467 224 2534 Nec
241 2467 351 2560 gravis
367 2466 494 2560 aspexit
508 2468 651 2537 Nemees
666 2466 856 2536 frondentis
871 2464 1027 2538 alumnus
1044 2492 1054 2535 ε

151 2583 242 2653 Talis
256 2585 363 2654 biems
381 2586 490 2670 tectis,
507 2585 667 2681 frangunt
683 2587 730 2656 sic
747 2586 901 2680 improba
917 2585 1020 2655 solem

151 2707 305 2800 Frigora,
321 2706 492 2798 Pisaeoque
508 2704 628 2773 domus
644 2730 712 2774 non
729 2718 845 2774 aestuat
860 2729 960 2773 anno.

201 2825 282 2892 Visa
300 2848 402 2892 manu
420 2837 536 2893 tenera
552 2837 675 2893 tectum
693 2825 860 2919 scripsisse
874 2823 1056 2918 Voluptas3

151 2946 248 3012 Tunc
262 2945 379 3014 Venus
393 2941 620 3013 Idaliis'unxit
635 2943 766 3037 fastigia
780 2946 902 3031 succis,

152 3062 397 3157 Permulsitque
414 3064 537 3150 comis,
553 3061 783 3155 blandumque
800 3061 934 3157 reliquit
949 3064 1112 3136 honorem

150 3180 307 3268 Sedibus,
324 3196 358 3250 et
373 3180 525 3251 volucres
541 3183 648 3250 vetuit
663 3181 833 3250 discedere
848 3195 954 3250 natos.
1005 3197 1008 3202 '

201 3305 233 3370 Ο
249 3299 388 3396 longum
406 3300 624 3370 memoranda
639 3298 723 3369 dies!
741 3325 815 3395 quae
828 3315 940 3370 mente
957 3317 1091 3396 reporto

152 3417 303 3491 Gaudia!
320 3445 421 3515 quem
438 3419 540 3490 lassos
554 3423 616 3514 per
632 3434 682 3489 tot
696 3419 859 3492 miracula
873 3417 979 3489 visus!

151 3541 331 3635 Ingenium
346 3564 448 3635 quam
464 3541 546 3610 mite
560 3536 646 3608 solo!
664 3565 737 3634 quae
751 3541 858 3612 forma
874 3541 980 3610 beatis

152 3663 235 3728 Arte
250 3665 369 3728 mensis
386 3684 540 3730 concessa
556 3655 651 3728 locis!
669 3661 748 3731 Non
763 3659 889 3757 largius
905 3685 1045 3754 usquam

151 3777 296 3847 Indulsit
312 3792 433 3848 natura
449 3781 522 3848 sibi.
540 3782 688 3851 Nemore
705 3779 773 3849 alte
788 3783 896 3850 citatis

150 3897 339 3966 Incubuere
355 3898 464 3986 vadis3
481 3897 580 3968 fallax
597 3915 771 3993 responsat
787 3903 898 3996 imago

151 4015 355 4105 Frondibus‚
371 4031 404 4086 et
420 4017 536 4113 longus
553 4013 668 4089 eadem
686 4020 772 4116 fugit
789 4021 880 4090 unda
897 4047 957 4115 per
971 4021 1114 4091 umbras.

150 4139 227 4230 lpse
242 4140 354 4208 Anien
371 4139 542 4234 (miranda
558 4140 657 4236 fides)
672 4141 825 4237 infraque
841 4167 1006 4236 superque

333 4271 353 4316 ¹·
566 4295 570 4301 ·
1033 4287 1051 4328 2
