3094 5140
398 511 453 568 180
716 504 938 560 Telemnos.
954 503 1066 558 um
1089 505 1127 559 X.
1344 503 1384 564 (r.
1403 501 1474 562 ιώ.)
1538 539 1539 554 ,

395 636 619 731 Amphiaraus
638 624 735 700 adit:
756 653 932 699 vanaeuec
952 644 1102 698 monstra
1120 629 1264 723 quietis,

395 759 468 830 Neo
483 779 602 826 somno
621 766 794 846 comperta
812 747 944 844 loquor.
962 751 1080 836 Tune,
1098 750 1224 843 iuquit,
1242 752 1386 821 inertes

395 874 572 948 Inachidas
592 871 718 970 (redde
735 857 812 940 hare
825 869 1003 940 Parnassia
1021 886 1127 958 serta,
1146 895 1309 966 meosque

394 997 512 1068 Redde
529 993 643 1090 Deos)
662 1007 791 1064 tantam
811 993 937 1088 patiere
953 992 1107 1062 amittere
1125 1009 1281 1080 noctem,

395 1116 572 1214 Degener?
591 1117 662 1185 haec
679 1111 905 1210 egometeoeii
926 1129 1068 1202 secreta,
1087 1139 1257 1210 vagosque

395 1238 525 1310 Edocui
544 1235 677 1332 lapsus?
697 1233 783 1304 vade
802 1235 871 1319 eia,
891 1231 1050 1326 uleiscer‘e
1069 1233 1161 1304 ferro

397 1363 467 1430 Nos
486 1357 605 1428 saltem
625 1383 633 1425 :
654 1357 757 1443 dixit,
778 1379 898 1449 meque
916 1355 988 1424 haec
1003 1354 1291 1426 adliminarisus

397 1478 546 1574 Cuspide
560 1476 707 1566 sublata,
726 1474 1052 1572 totoqueimpellere
1069 1501 1183 1549 curru.

396 1603 512 1692 Quare
531 1601 639 1694 agite,
659 1596 824 1669 utendum
845 1599 982 1695 Superis
1002 1623 1100 1668 :uon
1120 1599 1273 1669 cominus
1296 1600 1420 1668 hostes

398 1721 579 1794 Sternendi
597 1747 606 1789 :
626 1718 752 1790 bellum
763 1719 875 1812 jacet,
894 1735 932 1788 et
948 1721 1063 1789 sevire
1083 1735 1240 1815 potestas.

397 1845 506 1938 Ecqui
524 1840 687 1912 aderunt?
706 1865 791 1935 quos
806 1841 936 1934 ingemi
950 1865 986 1910 se
1004 1839 1160 1911 attollere
1179 1842 1268 1911 sama
1543 1839 1544 1842 '

397 1968 478 2036 Non
498 1965 630 2060 pigeat,
649 1962 730 2031 dum
750 1961 819 2031 fata
839 1960 975 2031 sinunt?
988 1963 1212 2062 'iterumjecoe
1230 1963 1394 2058 benignae

397 2088 518 2155 Noctis
537 2109 614 2155 aves
634 2109 642 2151 :
665 2108 807 2178 sequor,
824 2084 1036 2153 eteomitum
1056 2083 1463 2180 licet'agminaressent,
1544 2135 1545 2140 η

400 2205 499 2277 Solus
517 2230 576 2292 eo,
593 2203 683 2274 solus
702 2229 711 2273 ε
730 2205 824 2272 venit
841 2202 915 2290 ille,
937 2217 973 2272 et
991 2219 1128 2298 quassat
1145 2205 1308 2274 habenas.
1326 2235 1344 2271 s

453 2325 549 2396 Talia
566 2324 770 2408 vociferans,
790 2337 924 2394 noctem
942 2321 1159 2412 exturbabat,
1178 2342 1331 2420 euntque

369 2467 378 2486 ·
399 2448 479 2517 Nou
497 2470 592 2515 secus
611 2445 740 2514 accensi
759 2469 931 2538 proceres,
949 2469 1050 2538 quam
1068 2446 1095 2514 si
1114 2445 1272 2515 omuibus
1290 2443 1387 2516 idem
1424 2435 1430 2441 ’

401 2565 513 2636 Corde
533 2569 626 2635 Deus
647 2589 655 2632 ε
676 2563 821 2658 flagrant
839 2565 994 2633 comitari
1012 2580 1053 2633 et·
1068 2567 1207 2661 jungere
1225 2591 1335 2638 casus.

400 2690 467 2756 Ter
480 2685 586 2757 denos
607 2709 772 2770 numero,
793 2698 983 2754 turmarum
1001 2685 1142 2773 robora,
1153 2687 1267 2780 jussus

398 2809 477 2904 Ipse
493 2804 598 2902 legit:
619 2806 710 2874 circe
722 2803 835 2874 fremit
852 2803 1025 2899 indignata
1039 2805 1200 2900 juventus

400 2931 540 3014 Cetera,
557 2952 619 2997 cur
633 2941 794 2996 maneant
812 2927 947 3015 castris,
965 2927 1154 3022 ignavaque
1170 2947 1306 3001 servent

401 3049 483 3120 Otia
502 3075 511 3119 ε
528 3073 604 3143 pars
624 3045 766 3116 sublime
785 3071 911 3142 genus,
928 3071 1007 3142 pars
1023 3048 1111 3120 facta
1129 3074 1286 3138 suorum,
1395 3109 1400 3114 .

401 3173 484 3240 Pars
494 3195 579 3239 sua:
599 3183 723 3238 sortem
739 3165 796 3235 alii
807 3165 974 3256 clamant,
994 3183 1118 3239 sortem
1137 3169 1286 3266 undique
1302 3190 1457 3267 poscunt.

453 3289 590 3362 Gaudet
607 3291 643 3358 in
663 3286 811 3358 adversis
830 3290 1010 3384 animoque
1030 3293 1176 3386 assurgit
1196 3291 1373 3362 Adrastus.

401 3409 539 3481 Vertice
559 3412 607 3480 sie
626 3409 772 3480 Pholoes
791 3407 968 3480 volucrum
986 3399 1135 3482 nutritor
1150 3434 1335 3506 etpuorum,

404 3533 468 3603 Cui
489 3531 613 3601 foetura
629 3555 767 3626 gregem
787 3555 948 3625 pecoroso
969 3555 1046 3601 vere
1066 3535 1218 3617 novavit,

404 3655 571 3740 Laetatur,
591 3677 732 3722 cernens
754 3651 817 3721 hos
836 3653 960 3721 montis
979 3653 1013 3720 in
1033 3653 1141 3724 ardua
1159 3655 1239 3741 niti,

405 3776 477 3843 Hos
497 3774 616 3842 innare
634 3772 745 3858 vadis,
765 3786 893 3842 certare
914 3775 1109 3866 parentibus
1130 3773 1214 3844 iilos.

404 3897 502 3963 Tunc
520 3918 627 3963 vacuo
645 3893 708 3964 sub
726 3891 828 3963 corde
845 3907 972 3981 movet,
990 3896 1048 3988 qui
1067 3893 1168 3964 molle
1185 3895 1347 3968 domandi

406 4019 509 4085 Ferre
524 4016 663 4111 jugum,
683 4017 739 4109 qui
761 4031 855 4110 terga
871 4015 971 4100 boni,
993 4018 1068 4109 quis
1085 4017 1119 4084 in
1136 4041 1230 4086 arma
1250 4020 1413 4114 tubasque

407 4138 535 4226 Natus,
549 4135 592 4208 ad
610 4135 706 4208 Eleas
724 4135 843 4207 melior
860 4137 936 4231 quis
956 4135 1251 4232 surgere-palmas.
