3080 5136
398 467 456 522 320
773 465 1074 524 ADNOTATIONES

397 582 512 640 barthio
525 581 623 656 judice
641 581 731 658 ipsius
744 581 858 656 Papinii
873 581 1001 657 scriptio.
1018 582 1123 640 Itidem
1135 585 1299 640 Tartarum
1314 585 1454 640 solumbie

395 676 545 751 requirens
559 675 661 732 illarii.
681 674 807 747 conjecit
828 673 884 753 (od
897 677 962 731 Siiv.
971 716 982 744 ,
1000 695 1042 746 rr,
1060 696 1089 748 1,
1112 673 1160 752 ιι)
1177 696 1184 729 :
1205 675 1333 732 domita
1347 677 1396 754 (ex
1413 696 1454 731 or-

396 766 475 847 rida)
491 787 601 844 mgna,
615 778 649 824 ut
664 785 696 838 ι,
712 775 784 842 ι94,
798 767 960 840 iom'sem,
975 769 1021 823 vel
1036 769 1149 836 saltem,
1165 767 1223 838 ait,
1236 771 1317 824 ιἰινιὶι
1331 787 1431 844 mgna.

436 863 488 918 Mc
500 858 664 940 quoque.(v.
675 857 735 938 60).
750 861 795 916 Sc.
806 878 888 936 pane
898 858 1006 917 flexum
1020 859 1132 935 Orphei
1150 869 1248 917 cautu
1266 861 1455 930 Mela'omat,

396 954 472 1011 vicit.

396 1086 400 1098 .
436 1047 564 1104 Nutabat
576 1048 659 1102 tellus
676 1043 717 1124 (v.
731 1042 791 1122 δι).
807 1046 886 1101 «ΜΒ
901 1064 909 1099 :
926 1047 1051 1102 adrium
1064 1065 1074 1099 :
1093 1048 1176 1122 quod
1190 1047 1391 1122 Papinianum
1400 1067 1455 1102 om-

395 1141 466 1198 uino
484 1140 634 1209 existimo;
648 1157 701 1196 nec
714 1139 860 1194 detesrere
874 1137 963 1194 debet
975 1139 1086 1196 vocula
1098 1140 1142 1195 ad
1152 1139 1303 1215 repetitio.
1315 1163 1328 1190 ι
1346 1141 1454 1196 Basra

436 1237 478 1288 At
489 1233 543 1289 tibi
552 1228 750 1310 (Amphiarae)
764 1249 853 1306 quos,
877 1231 985 1306 iuquit,
1002 1251 1102 1288 mauce
1121 1231 1160 1311 (v.
1178 1231 1247 1312 84)?
1265 1235 1291 1290 1.
1313 1251 1340 1288 e.
1364 1235 1455 1308 quales

395 1337 424 1382 te
440 1325 587 1383 docebunt
598 1322 714 1380 manes?
727 1323 797 1380 felix
811 1340 849 1380 au
867 1321 969 1379 infelix
982 1323 1058 1380 inter
1069 1343 1168 1382 manes
1183 1323 1343 1382 conditio?
1363 1327 1454 1400 AEquo

395 1417 514 1475 ulterius
535 1426 737 1492 processerunt
756 1417 837 1472 Lact.
858 1424 887 1472 et
906 1415 1021 1472 Servius
1035 1417 1073 1473 ad
1095 1419 1177 1493 Virg.
1198 1421 1289 1486 Em,
1310 1436 1367 1486 vr,
1390 1421 1455 1488 743,

395 1529 484 1587 quem
502 1513 521 1566 i.
542 1510 589 1567 cit
612 1512 708 1580 Lact,
728 1508 854 1582 Quisque
880 1527 947 1564 suos
966 1511 1101 1583 patimur
1122 1531 1241 1581 manes,
1262 1529 1416 1584 «penas-
1431 1524 1454 1568 et

395 1603 581 1679 «supplicius
600 1602 784 1677 explicantes.
799 1600 858 1657 Sed
870 1601 986 1658 &uvius
998 1620 1029 1657 se
1045 1603 1172 1678 corrigit.

434 1702 611 1772 Interceptus
627 1693 666 1774 (v.
682 1691 742 1770 87).
759 1695 822 1751 iioc
836 1693 876 1750 sic
890 1693 979 1750 scribi
991 1713 1052 1750 nou
1065 1695 1193 1769 potuisse
1214 1696 1294 1752 vidit
1308 1698 1454 1759 Bartlsius,

394 1802 423 1847 et
440 1789 560 1866 corrigit
573 1790 754 1862 sadecerptus
777 1806 813 1843 ex
830 1787 974 1844 librorum
987 1806 1107 1844 suorum
1120 1788 1247 1846 lectione
1261 1791 1454 1864 ιἰιᾰωερωε

395 1902 481 1959 quam
505 1882 596 1958 ipsam
616 1897 713 1938 reram
734 1897 795 1937 esse
820 1879 972 1951 existimo,
995 1879 1065 1955 quia
1084 1881 1280 1956 Amphiaraus
1298 1884 1409 1955 etiam,
1427 1893 1455 1938 at

394 1979 531 2050 Mopsus,
546 1976 630 2030 nullu
643 1975 778 2046 deceptus
791 1974 878 2040 aliie,
893 1991 971 2046 supr.
987 1992 1029 2042 11,
1044 1972 1112 2048 693.
1127 1975 1178 2030 Est
1197 1974 1292 2050 igitur
1308 1976 1385 2031 certi
1405 1993 1453 2030 au·

396 2068 472 2142 gurii
484 2069 587 2122 honos.
1533 2123 1534 2130 ,

434 2164 475 2215 At
489 2159 562 2215 milti
572 2159 611 2236 (v.
627 2175 666 2234 9²
679 2157 745 2237 sip).
761 2183 774 2209 ι
785 2158 868 2216 Ordo
876 2158 940 2214 talia
946 2168 988 2214 est
1003 2179 1010 2214 :
1025 2159 1136 2242 cuuctis
1148 2157 1361 2216 finitura-erma
1370 2171 1454 2234 puta·

393 2253 432 2309 ris
441 2273 447 2308 τ
456 2251 525 2308 mihi
533 2269 604 2308 vero
615 2250 701 2308 etiam
708 2261 795 2308 sator.
803 2248 977 2324 Nam'ipuum
986 2251 1103 2308 Plutoni
1112 2262 1224 2308 constet
1231 2263 1343 2308 terram
1351 2271 1454 2308 couse-

394 2355 516 2415 uuum,
526 2343 597 2400 dicit
611 2343 707 2400 omnia
716 2343 849 2400 membra
863 2343 969 2400 resolvi
982 2355 1011 2400 et
1025 2344 1063 2400 de
1077 2355 1155 2400 terra
1164 2355 1270 2400 cuncta
1284 2347 1440 2419 procreari
1449 2367 1455 2396 :

391 2438 467 2511 juste
481 2455 551 2513 ergo
565 2446 678 2493 creator
698 2435 815 2506 dicitur,
830 2453 847 2492 a
861 2454 922 2510 quo
936 2435 1071 2493 universa
1084 2437 1253 2514 gignuntur.
1267 2441 1311 2492 At
1326 2437 1377 2514 [ita
1393 2439 1453 2493 eod

393 2528 484 2598 Paris,
499 2547 559 2584 ιιοιι
575 2541 638 2596 ast,
653 2529 735 2604 quod
743 2527 868 2585 editores
875 2539 904 2584 et
917 2528 1054 2585 Guietum
1067 2529 1098 2585 in
1110 2547 1241 2586 errorem
1248 2527 1455 2607 induxit]ego,

394 2622 464 2698 quia
476 2631 555 2679 vates
569 2621 626 2692 tui,
640 2639 742 2678 noram
755 2621 821 2678 vite
833 2631 863 2677 te
877 2639 937 2676 esse
953 2632 1125 2692 creatorem,
1145 2640 1180 2678 ex
1194 2639 1230 2677 eo
1245 2623 1333 2697 quod
1349 2624 1455 2680 animas
1535 2667 1536 2694 ι

393 2714 499 2770 iterum
517 2711 607 2770 mittis
624 2713 655 2768 in
673 2730 813 2788 corpora5
827 2724 860 2769 ut
874 2713 1010 2788 Virgilius
1023 2711 1099 2790 [AEn.
1108 2755 1119 2783 ,
1133 2732 1185 2784 vs,
1200 2711 1269 2791 7511
1285 2735 1293 2770 :

502 2921 508 2934 .
525 2920 556 2936 ..
572 2920 579 2934 .
595 2887 627 2936 Et
641 2883 760 2954 incipian
774 2885 802 2936 iu
817 2900 920 2952 corpore
935 2884 996 2935 velle
1010 2883 1112 2944 reverti,

396 3070 424 3116 et
441 3059 623 3133 idemsupra
642 3057 681 3136 [e.
702 3057 750 3136 ιδ]
766 3059 851 3133 :sata
863 3070 960 3114 serum
976 3055 1024 3134 [ita
1038 3057 1103 3113 cod,
1118 3059 1200 3127 Pan,
1214 3060 1407 3131 conseruat,
1424 3069 1454 3114 ut

395 3150 475 3229 edd]
486 3153 610 3209 animas.
620 3155 726 3208 »Lacu
741 3150 831 3208 Addit
843 3148 1010 3208 Bernartius
1016 3148 1263 3205 Varronislocum
1278 3171 1285 3203 :
1302 3175 1317 3202 ι
1334 3152 1453 3226 Diespi.

394 3256 438 3302 ter
450 3243 557 3302 dicitur
569 3241 684 3302 infimus
693 3262 752 3316 aer,
766 3243 818 3318 qui
827 3253 870 3300 cet
884 3241 1056 3316 conjunctus
1070 3252 1164 3312 terra,
1174 3242 1228 3298 ubi
1242 3245 1343 3300 omnia
1356 3245 1454 3302 oriun-

395 3349 454 3408 tur,
472 3337 525 3394 ubi
538 3338 722 3396 aboriunur.
737 3362 750 3388 ι

435 3431 514 3486 Nam
532 3431 582 3486 tibi
591 3431 725 3506 praesagi
735 3431 866 3504 quisnam
878 3426 918 3508 (v.
937 3426 1014 3506 ua).
1028 3432 1158 3488 Auctore
1173 3429 1291 3486 llarffiio
1305 3431 1403 3486 scribe
1419 3450 1452 3486 ex

394 3523 450 3578 ΜΒ
468 3532 497 3577 et
514 3523 575 3580 aliis
593 3523 675 3580 libris
688 3525 728 3600 (et
742 3540 778 3578 ex
790 3519 883 3599 Iact.)
898 3541 905 3576 ι
919 3521 1065 3596 «praesagi
1085 3521 1232 3595 qu'ujana
1243 3545 1260 3574 ι

396 3665 399 3674 ,
436 3618 527 3689 Atque
555 3615 649 3670 avs'dae
673 3613 711 3691 (v.
746 3613 821 3692 13²).
844 3616 899 3670 MR
923 3635 930 3669 ι
957 3626 1059 3690 utque,·
1088 3635 1104 3664 e
1126 3613 1327 3688 perpulchre,
1355 3616 1451 3690 inquit

396 3708 507 3776 Barth„
520 3708 599 3763 velut
617 3706 748 3763 nondum
766 3707 886 3777 satiem,
905 3706 957 3764 sed
969 3697 1067 3783 plures
1080 3705 1224 3781 deglutire
1239 3707 1411 3781 cupientia»

400 3847 404 3854 .
441 3799 509 3858 cum
524 3819 594 3857 voce
610 3802 728 3857 tetendit
743 3797 783 3878 (v.
802 3800 879 3878 146).
901 3801 948 3857 Sic
970 3800 1082 3875 aliquot
1101 3799 1187 3855 codd.
1211 3817 1274 3856 uon
1291 3802 1362 3856 mali
1387 3819 1452 3856 cum

397 3913 414 3956 a
428 3896 518 3970 chg.
538 3903 567 3950 et
580 3895 658 3949 Lact.
677 3893 735 3950 Sed
749 3893 836 3950 ceteri
848 3883 967 3967 melius,
984 3903 1017 3949 ut
1029 3893 1154 3962 videtur,
1168 3893 1286 3948 tetendi.
1300 3925 1342 3936 —
1352 3896 1451 3950 Paullo

396 3998 478 4061 post,
487 4007 514 4042 v·
528 3985 600 4057 148,
614 3991 742 4044 Gronov.
757 3987 949 4064 probabiliter
962 3988 1038 4058 conj.
1049 4007 1057 4042 :
1067 4012 1080 4038 a
1092 3986 1310 4062 fumantemque
1320 3991 1450 4054 locun,-

396 4081 414 4134 i.
435 4099 458 4136 e.
476 4079 591 4136 hiatum.
