3206 5136
397 433 434 494 nt
714 425 934 482 Tuunnmos
958 423 1074 480 LIBER
1097 423 1148 478 tv.
1338 422 1463 486 (ῑὸὓίο)

394 551 519 648 Incipit
540 577 578 620 :r
592 553 746 646 Agrestes
765 549 946 620 fluviorum
967 551 1107 619 numina
1129 547 1312 644 Nympha,

394 673 436 742 Et
452 674 557 743 nostri
578 698 656 767 pars
675 695 800 767 magna
816 673 948 767 gregis,
969 671 1114 766 perferte
1135 669 1306 759 laborem,

392 795 505 884 Quem
522 793 652 864 damus.
672 793 849 889 Argolicos
870 792 1024 888 paullum
1041 793 1125 861 mibi
1145 791 1296 862 fontibus
1317 815 1439 861 amnes

394 919 606 1012 stagnaque,
623 930 657 985 et
678 929 828 986 errantes
846 914 1005 984 obducite
1024 912 1162 1010 pulvere
1180 915 1293 983 rivos,

391 1038 584 1132 Praecipuus
604 1037 765 1124 Nemees,
783 1061 851 1129 qua
872 1050 988 1105 nostra
1009 1037 1045 1104 in
1064 1037 1189 1105 moenia
1209 1033 1306 1104 hellis

391 1157 492 1229 Nunc
512 1158 592 1245 iter,
607 1181 648 1226 ex
668 1155 737 1226 alto
753 1155 861 1252 fugiat
881 1154 994 1250 liquor
1014 1182 1022 1226 :
1041 1156 1182 1251 adjuvat
1199 1157 1272 1250 ipse

390 1279 537 1350 Phoebus
556 1275 600 1348 ad
614 1278 681 1347 hoc
699 1301 849 1365 summo,
864 1292 970 1346 cesset
990 1279 1025 1346 ni
1045 1291 1157 1346 vestra
1177 1274 1352 1364 voluntas,

391 1399 515 1472 Limite
533 1401 633 1470 :eim
654 1401 771 1493 coeptis
793 1396 970 1494 indulgent
988 1413 1094 1488 astra,
1111 1421 1259 1491 memque

392 1520 529 1591 AEstifer
545 1521 709 1614 Erigones
727 1533 862 1614 spumat
881 1521 974 1590 canis
997 1545 1005 1588 ε
1028 1520 1074 1588 ite
1094 1516 1262 1605 volentes,

391 1645 442 1722 Ite
459 1642 496 1712 in
512 1656 631 1738 operta
649 1638 712 1710 soli
732 1665 741 1708 ε
763 1655 842 1735 post
860 1666 921 1710 vos
939 1665 1002 1738 ego
1024 1642 1159 1737 gurgite
1180 1639 1281 1733 pleno

391 1761 548 1851 Eliciam,
567 1777 603 1833 et
620 1787 695 1857 quae
712 1762 803 1833 dona
820 1763 903 1831 meis
921 1760 1127 1856 amplissima
1146 1761 1249 1830 sacris

391 1885 513 1955 Vester
527 1885 666 1955 hebebit
682 1885 792 1954 honos
813 1911 822 1953 ε
843 1899 1080 1977 nocturnaque
1097 1882 1190 1952 furta
1205 1880 1368 1951 licentum

392 2006 643 2102 Cornipedum,
663 2021 697 2076 et
717 2004 1069 2101 cupidas-Faunorum
1087 2004 1209 2074 arcebo
1228 2005 1373 2098 rapinas.
1387 2035 1405 2068 s

438 2127 581 2198 Dixerat
603 2153 611 2196 :
632 2141 684 2196 ast
702 2124 769 2196 illis
787 2126 922 2196 tenuior
939 2149 1139 2222 percurrere
1157 2126 1247 2194 visus

392 2249 464 2317 Ora
483 2247 584 2337 situs,
607 2247 790 2342 viridisque
810 2247 915 2317 comis
936 2247 1069 2326 exaruit
1090 2248 1225 2317 humor.

393 2368 552 2438 Protinus
571 2369 728 2439 Inachios
746 2369 862 2440 haurit
878 2368 951 2439 sitis
971 2369 1069 2464 ignea
1090 2355 1237 2464 campos.

392 2487 568 2586 Diffugere
587 2491 687 2560 undae
707 2517 716 2560 ε
735 2489 893 2584 squalent
910 2489 1108 2583 fontesque,
1130 2486 1303 2582 lacusque,

393 2615 435 2682 Et
456 2636 539 2681 cava
556 2611 700 2682 ferventi
717 2612 903 2682 durescunt
921 2611 1062 2680 flumina
1079 2610 1172 2681 limo.

392 2734 493 2828 AEgra
515 2729 590 2802 solo
609 2735 753 2818 macies,
772 2731 947 2826 tenerique
964 2733 998 2800 in
1019 2732 1151 2828 origine
1171 2730 1274 2800 culmi

392 2850 557 2923 Inclinata
575 2877 668 2947 seges
689 2879 698 2923 ε
720 2852 900 2948 deceptum
922 2855 1074 2948 margine
1093 2855 1176 2948 ripae

393 2976 466 3044 Stat
486 2997 612 3069 pecus,
632 2988 734 3067 utque
752 2999 867 3043 amnes
887 2989 1045 3068 quaerunt
1063 2989 1217 3044 armenta
1240 2987 1382 3042 natatus.

441 3096 497 3164 Sic
518 3093 576 3164 ubi
598 3118 633 3164 se
654 3096 785 3190 magnis
804 3093 931 3164 refluus
953 3097 1139 3189 suppressit
1159 3097 1195 3165 in
1214 3096 1319 3164 antris

392 3212 508 3302 Nilus,
525 3231 559 3284 ct
580 3213 661 3285 Eoae
679 3213 845 3308 liquentia
864 3214 990 3310 pabula
1006 3216 1136 3284 hrumae

393 3338 464 3408 Ore
479 3337 622 3431 premit,
640 3336 772 3407 fumant
791 3336 930 3406 desertae
946 3337 1080 3432 gurgite
1098 3334 1218 3423 valles,
1341 3383 1345 3392 ·

392 3461 436 3527 Et
454 3459 559 3552 putris
576 3457 699 3528 undosi
717 3459 849 3526 sonitus
864 3471 1035 3552 exspectat
1053 3455 1168 3527 hiulca

393 3581 571 3673 AEgyptos,
589 3578 698 3648 donec
717 3578 850 3648 Phariis
870 3576 1031 3648 alimenta
1050 3593 1189 3673 rogatus

392 3703 508 3768 Donet
528 3700 632 3795 agris,
651 3723 879 3796 magnumque
896 3698 1036 3769 inducat
1054 3700 1219 3769 messibus
1237 3725 1373 3770 annum.

442 3801 525 3891 lret
545 3825 658 3889 lerna
677 3845 821 3907 nocens,
842 3835 913 3889 aret
932 3821 1093 3914 Lyrcius,
1114 3836 1149 3890 et
1166 3823 1284 3915 ingens

394 3941 558 4029 Inachus,
578 3939 828 4034 adverrensque
846 3941 999 4009 natantia
1018 3965 1095 4010 saxa
1115 3941 1327 4028 Charadrus,

395 4065 438 4130 Et
455 4087 630 4155 nunquam
651 4062 687 4129 in
704 4061 786 4156 ripis
804 4061 914 4131 audax
932 4064 1109 4150 Erasinus,
1128 4077 1162 4132 et
1181 4087 1298 4158 aequus
