3192 5148
139 528 222 582 (ιιι.)
475 513 669 572 stuvstttJM
689 513 800 570 uttan
821 513 858 568 11.
1155 510 1193 586 59

189 646 280 712 Nam
299 638 410 734 pudor
429 640 584 734 ingenua
599 638 735 726 mentis,
755 635 1002 731 tranquillaque
1018 660 1151 704 morum

139 761 349 856 Temperies,
368 773 552 852 teneroque
570 761 701 828 animus
716 759 983 856 maturiorem,

139 881 302 949 Carmina
320 903 393 973 quae
413 878 554 948 &nasse
574 877 721 971 queant?
739 880 831 971 Saepe
851 875 909 945 ille
927 875 1097 946 volentem

140 999 335 1093 Castigabat
351 999 487 1087 herum,
507 997 685 1092 studioque
703 997 844 1091 altisque
863 996 1002 1090 juvabat

140 1115 321 1202 Consiliis;
341 1128 452 1188 tecum
471 1119 655 1210 tristisque,
670 1116 865 1211 hilarisque,
885 1141 947 1184 nee
966 1139 1116 1210 unquam

139 1235 204 1308 Ille
222 1262 318 1325 suus,
338 1236 538 1331 vultumque
557 1251 616 1308 tuo
635 1239 787 1306 sumebat
804 1238 846 1306 ab
865 1261 924 1306 ore
946 1261 954 1304 :

142 1357 276 1451 Dignus
297 1371 330 1425 et
348 1358 543 1428 AEmonium
561 1355 707 1452 Pyladen
725 1355 1043 1451 praedenelama,

142 1478 410 1571 Cecropiamque
428 1476 540 1556 fidem,
559 1477 625 1551 Sed
639 1474 782 1546 laudum
803 1477 967 1545 terminus
983 1489 1070 1564 esto,

141 1596 256 1683 Quem
277 1596 412 1664 fortuna
433 1597 513 1666 sinit
530 1623 538 1665 :
553 1620 621 1666 non
637 1605 750 1666 mente
769 1593 900 1664 fidelior
920 1619 1008 1690 aegra

142 1715 297 1810 Speravit
316 1715 404 1787 tandi
424 1715 553 1786 reditus
569 1719 725 1786 Eumaeus
743 1714 846 1808 Ulixi,
865 1749 867 1754 ·

191 1836 279 1924 Quis
294 1839 403 1923 Deus,
421 1850 479 1906 sut
501 1837 656 1930 quisnam
674 1849 743 1906 tam
763 1837 870 1906 tristia
888 1835 1029 1906 vulnera
1047 1859 1141 1904 casus

142 1952 270 2050 Eligit?
291 1955 382 2024 unde
401 1979 520 2026 manus
539 1959 629 2028 Fatis
646 1971 717 2026 tam
737 1971 827 2026 certa
844 1956 1010 2026 nocendi?

143 2076 176 2144 0
195 2097 296 2166 quam
316 2074 442 2146 divitiis
460 2101 629 2170 censuque
648 2090 767 2148 exutus
786 2078 901 2170 opimo

142 2195 288 2283 Fortior,
307 2197 416 2282 Ursa,
435 2193 543 2269 fores!
559 2201 596 2268 Si
608 2195 662 2267 vel
679 2196 830 2266 fumante
849 2197 949 2266 ruina

142 2319 344 2385 Ructassent
363 2315 448 2386 dites
468 2318 639 2388 Vesuvina
660 2315 814 2388 incendia
835 2320 984 2404 Locros,

143 2435 210 2502 Seu
229 2432 435 2508 Pollentinos
455 2436 647 2514 mersissent
663 2435 803 2508 flumina
824 2433 978 2520 sallust*
1012 2519 1016 2528 Ι

143 2553 209 2622 Seu
229 2556 386 2628 Lucanus
406 2579 498 2650 ager,
518 2580 576 2630 seu
595 2556 749 2650 Tybridis
769 2557 916 2651 impetus
952 2555 1034 2628 altas

143 2676 186 2742 ln
207 2674 360 2748 dextram
374 2677 522 2748 torsisset
540 2701 665 2771 aquas,
687 2691 839 2772 paterere
860 2700 977 2748 serena

142 2795 270 2864 Fronte
288 2799 379 2870 Deos
398 2821 406 2864 :
425 2797 495 2866 sive
512 2794 601 2868 alma
620 2796 736 2885 fidem,
756 2821 945 2891 messesque
966 2811 1126 2892 negasset

143 2916 338 3008 Cretaque,
353 2920 567 3009 Cyreneque,
587 2931 620 2990 et
641 2941 708 3010 qua
728 2917 788 2987 tibi
809 2942 953 3010 eumque
972 2917 1071 2988 beato

144 3037 255 3130 larga
276 3035 363 3104 redit
381 3039 532 3109 Fortuna
549 3037 625 3110 sinu
647 3064 655 3105 ε
677 3037 735 3108 sed
755 3063 861 3133 guara
881 3037 1036 3110 dolorum

144 3155 279 3224 Invidia
297 3153 415 3226 infelix
430 3159 535 3230 animi
551 3151 666 3229 vitalia
684 3158 785 3247 vidit,

144 3274 371 3370 Laedendique
390 3279 470 3349 viss.
492 3279 577 3354 vite
594 3278 696 3353 modo
713 3278 829 3352 limine
847 3278 969 3350 adulte

144 3395 290 3464 Nectere
306 3395 463 3468 tendebat
474 3400 639 3493 juvenum
656 3399 902 3496 pulcherrimus
918 3397 976 3471 ille

144 3517 234 3585 Cum
252 3517 358 3586 tribus
375 3516 464 3593 Eleis
482 3543 584 3594 unam
605 3520 776 3596 trieterida
793 3518 916 3594 lustris.

145 3635 302 3706 Attendit
321 3647 418 3706 torvo
436 3639 539 3708 tristis
556 3639 763 3716 Rhamnusia
781 3639 879 3711 vultu
900 3667 908 3710 τ

146 3757 197 3823 Ac
216 3755 364 3848 primum
384 3756 603 3854 implevitque
619 3773 724 3848 toros,
743 3759 915 3854 oculisque
934 3760 1079 3833 nitorem

145 3872 305 3962 Addidit,
321 3891 354 3945 et
370 3874 469 3946 solito
488 3879 663 3950 sublimius
682 3905 742 3951 ora
761 3878 885 3954 levavit

146 3991 256 4088 (Heul
272 3996 394 4065 misero
407 3995 506 4067 letale
523 3998 668 4095 favens),
689 4025 825 4096 seseque
845 4000 990 4068 videndo

144 4117 272 4204 Torsit,
290 4129 323 4186 et
344 4117 485 4188 invitam
506 4122 652 4190 Mortem
669 4118 858 4215 complexa,
873 4115 1001 4216 jacenti
