<?xml version="1.0" encoding="UTF-8"?>
<!DOCTYPE html PUBLIC "-//W3C//DTD XHTML 1.0 Transitional//EN"
    "http://www.w3.org/TR/xhtml1/DTD/xhtml1-transitional.dtd">
<html xmlns="http://www.w3.org/1999/xhtml" xml:lang="en" lang="en">
 <head>
  <title>
</title>
<meta http-equiv="Content-Type" content="text/html;charset=utf-8" />
  <meta name='ocr-system' content='tesseract 3.04.00' />
  <meta name='ocr-capabilities' content='ocr_page ocr_carea ocr_par ocr_line ocrx_word'/>
</head>
<body>
  <div class='ocr_page' id='page_1' title='image "./operaquaeextant00dbgoog_0629.png"; bbox 0 0 3080 5136; ppageno 0'>
   <div class='ocr_carea' id='block_1_1' title="bbox 397 517 1459 596">
    <p class='ocr_par' dir='ltr' id='par_1_1' title="bbox 397 517 1459 596">
     <span class='ocr_line' id='line_1_1' title="bbox 397 517 1459 596; baseline -0.012 -19"><span class='ocrx_word' id='word_1_1' title='bbox 397 541 454 596; x_wconf 74' lang='lat'><strong>‘²9⁰</strong></span> <span class='ocrx_word' id='word_1_2' title='bbox 698 517 954 576; x_wconf 78' lang='lat' dir='ltr'><strong>ACfflLLEtDos</strong></span> <span class='ocrx_word' id='word_1_3' title='bbox 976 517 1093 574; x_wconf 80' lang='lat' dir='ltr'>LIBER</span> <span class='ocrx_word' id='word_1_4' title='bbox 1115 519 1152 573; x_wconf 91' lang='lat'><strong>11.</strong></span> <span class='ocrx_word' id='word_1_5' title='bbox 1349 521 1384 580; x_wconf 70' lang='lat' dir='ltr'><strong>(v.</strong></span> <span class='ocrx_word' id='word_1_6' title='bbox 1401 521 1459 566; x_wconf 65' lang='lat'><strong>2³53</strong></span> 
     </span>
    </p>
   </div>
   <div class='ocr_carea' id='block_1_2' title="bbox 392 623 1535 4255">
    <p class='ocr_par' dir='ltr' id='par_1_2' title="bbox 393 623 1395 983">
     <span class='ocr_line' id='line_1_2' title="bbox 394 623 1337 739; baseline -0.002 -24"><span class='ocrx_word' id='word_1_7' title='bbox 394 649 536 739; x_wconf 80' lang='lat' dir='ltr'><strong>Jamque</strong></span> <span class='ocrx_word' id='word_1_8' title='bbox 555 669 638 715; x_wconf 87' lang='lat' dir='ltr'><strong>avus</strong></span> <span class='ocrx_word' id='word_1_9' title='bbox 657 671 664 714; x_wconf 94' lang='lat'><strong>:</strong></span> <span class='ocrx_word' id='word_1_10' title='bbox 686 623 824 714; x_wconf 87' lang='lat' dir='ltr'><strong>immitis</strong></span> <span class='ocrx_word' id='word_1_11' title='bbox 843 645 975 738; x_wconf 87' lang='lat' dir='ltr'><strong>quoties</strong></span> <span class='ocrx_word' id='word_1_12' title='bbox 994 644 1196 714; x_wconf 76' lang='lat' dir='ltr'><strong>tractabitur</strong></span> <span class='ocrx_word' id='word_1_13' title='bbox 1214 647 1337 728; x_wconf 87' lang='lat' dir='ltr'><strong>ensis,</strong></span> 
     </span>
     <span class='ocr_line' id='line_1_3' title="bbox 393 763 1395 860; baseline -0.003 -22"><span class='ocrx_word' id='word_1_14' title='bbox 393 767 509 838; x_wconf 87' lang='lat' dir='ltr'><strong>Turba</strong></span> <span class='ocrx_word' id='word_1_15' title='bbox 528 791 653 836; x_wconf 90' lang='lat' dir='ltr'><strong>sumus.</strong></span> <span class='ocrx_word' id='word_1_16' title='bbox 672 795 690 832; x_wconf 77' lang='lat' dir='ltr'><strong>a</strong></span> <span class='ocrx_word' id='word_1_17' title='bbox 711 771 807 837; x_wconf 84' lang='lat' dir='ltr'><strong>Tunc</strong></span> <span class='ocrx_word' id='word_1_18' title='bbox 824 781 859 835; x_wconf 88' lang='lat' dir='ltr'><strong>et</strong></span> <span class='ocrx_word' id='word_1_19' title='bbox 873 767 1002 852; x_wconf 87' lang='lat' dir='ltr'><strong>Danai,</strong></span> <span class='ocrx_word' id='word_1_20' title='bbox 1020 789 1083 859; x_wconf 87' lang='lat' dir='ltr'><strong>per</strong></span> <span class='ocrx_word' id='word_1_21' title='bbox 1099 789 1191 834; x_wconf 88' lang='lat' dir='ltr'><strong>sacra</strong></span> <span class='ocrx_word' id='word_1_22' title='bbox 1210 763 1395 860; x_wconf 88' lang='lat' dir='ltr'><strong>fidemque</strong></span> 
     </span>
     <span class='ocr_line' id='line_1_4' title="bbox 393 885 1304 983; baseline 0 -26"><span class='ocrx_word' id='word_1_23' title='bbox 393 889 561 983; x_wconf 84' lang='lat' dir='ltr'><strong>Hospitii,</strong></span> <span class='ocrx_word' id='word_1_24' title='bbox 578 886 792 983; x_wconf 84' lang='lat' dir='ltr'><strong>blandusque</strong></span> <span class='ocrx_word' id='word_1_25' title='bbox 811 911 950 983; x_wconf 87' lang='lat' dir='ltr'><strong>precum</strong></span> <span class='ocrx_word' id='word_1_26' title='bbox 970 885 1151 982; x_wconf 85' lang='lat' dir='ltr'><strong>compellat</strong></span> <span class='ocrx_word' id='word_1_27' title='bbox 1169 886 1304 958; x_wconf 80' lang='lat' dir='ltr'>Ulixes.</span> 
     </span>
    </p>

    <p class='ocr_par' dir='ltr' id='par_1_3' title="bbox 442 1007 1159 1104">
     <span class='ocr_line' id='line_1_5' title="bbox 442 1007 1159 1104; baseline -0.003 -26"><span class='ocrx_word' id='word_1_28' title='bbox 442 1007 521 1097; x_wconf 88' lang='lat' dir='ltr'><strong>Ille,</strong></span> <span class='ocrx_word' id='word_1_29' title='bbox 537 1011 598 1079; x_wconf 87' lang='lat' dir='ltr'><strong>etsi</strong></span> <span class='ocrx_word' id='word_1_30' title='bbox 617 1034 703 1081; x_wconf 70' lang='lat' dir='ltr'><strong>cara·</strong></span> <span class='ocrx_word' id='word_1_31' title='bbox 721 1024 893 1104; x_wconf 88' lang='lat' dir='ltr'><strong>comperta</strong></span> <span class='ocrx_word' id='word_1_32' title='bbox 914 1009 1037 1103; x_wconf 89' lang='lat' dir='ltr'><strong>injuria</strong></span> <span class='ocrx_word' id='word_1_33' title='bbox 1057 1023 1159 1095; x_wconf 73' lang='lat' dir='ltr'><strong>natta,</strong></span> 
     </span>
    </p>

    <p class='ocr_par' dir='ltr' id='par_1_4' title="bbox 392 1129 1316 1468">
     <span class='ocr_line' id='line_1_6' title="bbox 393 1129 1316 1225; baseline -0.004 -23"><span class='ocrx_word' id='word_1_34' title='bbox 393 1135 437 1202; x_wconf 82' lang='lat' dir='ltr'><strong>Et</strong></span> <span class='ocrx_word' id='word_1_35' title='bbox 453 1130 605 1200; x_wconf 88' lang='lat' dir='ltr'><strong>Thetidis</strong></span> <span class='ocrx_word' id='word_1_36' title='bbox 625 1129 784 1200; x_wconf 89' lang='lat' dir='ltr'><strong>mandata</strong></span> <span class='ocrx_word' id='word_1_37' title='bbox 804 1143 962 1219; x_wconf 83' lang='lat' dir='ltr'><strong>movent,</strong></span> <span class='ocrx_word' id='word_1_38' title='bbox 984 1129 1149 1225; x_wconf 91' lang='lat' dir='ltr'><strong>prodique</strong></span> <span class='ocrx_word' id='word_1_39' title='bbox 1170 1143 1316 1200; x_wconf 80' lang='lat' dir='ltr'><strong>veretur</strong></span> 
     </span>
     <span class='ocr_line' id='line_1_7' title="bbox 393 1249 1271 1347; baseline -0.003 -25"><span class='ocrx_word' id='word_1_40' title='bbox 393 1251 593 1346; x_wconf 89' lang='lat' dir='ltr'><strong>Depositum</strong></span> <span class='ocrx_word' id='word_1_41' title='bbox 615 1266 683 1321; x_wconf 84' lang='lat' dir='ltr'><strong>tam</strong></span> <span class='ocrx_word' id='word_1_42' title='bbox 702 1249 829 1347; x_wconf 79' lang='lat' dir='ltr'><strong>grande</strong></span> <span class='ocrx_word' id='word_1_43' title='bbox 845 1251 932 1337; x_wconf 78' lang='lat' dir='ltr'><strong>dee,</strong></span> <span class='ocrx_word' id='word_1_44' title='bbox 949 1266 1061 1320; x_wconf 89' lang='lat' dir='ltr'><strong>tamen</strong></span> <span class='ocrx_word' id='word_1_45' title='bbox 1078 1250 1198 1320; x_wconf 87' lang='lat' dir='ltr'><strong>obvius</strong></span> <span class='ocrx_word' id='word_1_46' title='bbox 1219 1253 1271 1319; x_wconf 90' lang='lat' dir='ltr'><strong>ire</strong></span> 
     </span>
     <span class='ocr_line' id='line_1_8' title="bbox 392 1371 1181 1468; baseline -0.004 -23"><span class='ocrx_word' id='word_1_47' title='bbox 392 1380 458 1446; x_wconf 93' lang='lat' dir='ltr'><strong>Tot</strong></span> <span class='ocrx_word' id='word_1_48' title='bbox 473 1374 593 1443; x_wconf 88' lang='lat' dir='ltr'><strong>metuit</strong></span> <span class='ocrx_word' id='word_1_49' title='bbox 612 1371 708 1461; x_wconf 85' lang='lat' dir='ltr'><strong>fatis,</strong></span> <span class='ocrx_word' id='word_1_50' title='bbox 725 1371 918 1468; x_wconf 81' lang='lat' dir='ltr'><strong>Argivaque</strong></span> <span class='ocrx_word' id='word_1_51' title='bbox 936 1371 1024 1442; x_wconf 87' lang='lat' dir='ltr'><strong>bella</strong></span> <span class='ocrx_word' id='word_1_52' title='bbox 1043 1373 1181 1443; x_wconf 88' lang='lat' dir='ltr'><strong>morari.</strong></span> 
     </span>
    </p>

    <p class='ocr_par' dir='ltr' id='par_1_5' title="bbox 393 1469 1346 2076">
     <span class='ocr_line' id='line_1_9' title="bbox 393 1469 1346 1588; baseline -0.005 -21"><span class='ocrx_word' id='word_1_53' title='bbox 393 1500 459 1566; x_wconf 91' lang='lat' dir='ltr'><strong>Fac</strong></span> <span class='ocrx_word' id='word_1_54' title='bbox 479 1491 558 1564; x_wconf 88' lang='lat' dir='ltr'><strong>velit</strong></span> <span class='ocrx_word' id='word_1_55' title='bbox 575 1519 584 1562; x_wconf 74' lang='lat' dir='ltr'><strong>r</strong></span> <span class='ocrx_word' id='word_1_56' title='bbox 602 1494 709 1588; x_wconf 83' lang='lat' dir='ltr'><strong>ipsam</strong></span> <span class='ocrx_word' id='word_1_57' title='bbox 729 1491 798 1563; x_wconf 90' lang='lat' dir='ltr'><strong>illic</strong></span> <span class='ocrx_word' id='word_1_58' title='bbox 817 1507 962 1562; x_wconf 84' lang='lat' dir='ltr'><strong>matrem</strong></span> <span class='ocrx_word' id='word_1_59' title='bbox 981 1469 1346 1588; x_wconf 65' lang='lat' dir='ltr'><strong>sprevissefhchilles.</strong></span> 
     </span>
     <span class='ocr_line' id='line_1_10' title="bbox 394 1613 1221 1711; baseline -0.007 -23"><span class='ocrx_word' id='word_1_60' title='bbox 394 1618 447 1688; x_wconf 84' lang='lat' dir='ltr'><strong>Ne</strong></span> <span class='ocrx_word' id='word_1_61' title='bbox 466 1630 579 1684; x_wconf 89' lang='lat' dir='ltr'><strong>tamen</strong></span> <span class='ocrx_word' id='word_1_62' title='bbox 598 1615 763 1684; x_wconf 87' lang='lat' dir='ltr'><strong>abnueret</strong></span> <span class='ocrx_word' id='word_1_63' title='bbox 781 1637 907 1708; x_wconf 91' lang='lat' dir='ltr'><strong>genero</strong></span> <span class='ocrx_word' id='word_1_64' title='bbox 928 1616 1123 1711; x_wconf 85' lang='lat' dir='ltr'><strong>sejungere</strong></span> <span class='ocrx_word' id='word_1_65' title='bbox 1142 1613 1221 1702; x_wconf 87' lang='lat' dir='ltr'><strong>tali,</strong></span> 
     </span>
     <span class='ocr_line' id='line_1_11' title="bbox 394 1731 1228 1830; baseline 0 -25"><span class='ocrx_word' id='word_1_66' title='bbox 394 1737 553 1807; x_wconf 86' lang='lat' dir='ltr'>Vincitur</span> <span class='ocrx_word' id='word_1_67' title='bbox 571 1761 579 1805; x_wconf 93' lang='lat'>:</span> <span class='ocrx_word' id='word_1_68' title='bbox 599 1736 731 1805; x_wconf 86' lang='lat' dir='ltr'><strong>areanis</strong></span> <span class='ocrx_word' id='word_1_69' title='bbox 748 1735 845 1804; x_wconf 82' lang='lat' dir='ltr'><strong>effert</strong></span> <span class='ocrx_word' id='word_1_70' title='bbox 862 1731 1060 1830; x_wconf 87' lang='lat' dir='ltr'><strong>pudibunda</strong></span> <span class='ocrx_word' id='word_1_71' title='bbox 1079 1735 1228 1805; x_wconf 88' lang='lat' dir='ltr'><strong>tenebris</strong></span> 
     </span>
     <span class='ocr_line' id='line_1_12' title="bbox 394 1855 1291 1953; baseline 0.001 -26"><span class='ocrx_word' id='word_1_72' title='bbox 394 1855 572 1928; x_wconf 85' lang='lat' dir='ltr'><strong>Deidamia</strong></span> <span class='ocrx_word' id='word_1_73' title='bbox 586 1855 746 1953; x_wconf 88' lang='lat' dir='ltr'><strong>gradum,</strong></span> <span class='ocrx_word' id='word_1_74' title='bbox 763 1858 897 1926; x_wconf 78' lang='lat' dir='ltr'><strong>reniam</strong></span> <span class='ocrx_word' id='word_1_75' title='bbox 915 1879 977 1924; x_wconf 88' lang='lat' dir='ltr'><strong>nec</strong></span> <span class='ocrx_word' id='word_1_76' title='bbox 995 1857 1152 1951; x_wconf 88' lang='lat' dir='ltr'><strong>protinus</strong></span> <span class='ocrx_word' id='word_1_77' title='bbox 1170 1881 1291 1928; x_wconf 86' lang='lat' dir='ltr'><strong>amens</strong></span> 
     </span>
     <span class='ocr_line' id='line_1_13' title="bbox 394 1976 1253 2076; baseline -0.005 -26"><span class='ocrx_word' id='word_1_78' title='bbox 394 1977 526 2069; x_wconf 83' lang='lat' dir='ltr'><strong>Credit,</strong></span> <span class='ocrx_word' id='word_1_79' title='bbox 544 1993 580 2048; x_wconf 87' lang='lat' dir='ltr'><strong>et</strong></span> <span class='ocrx_word' id='word_1_80' title='bbox 598 1980 757 2074; x_wconf 91' lang='lat' dir='ltr'><strong>opposito</strong></span> <span class='ocrx_word' id='word_1_81' title='bbox 775 1979 963 2076; x_wconf 83' lang='lat' dir='ltr'><strong>genitorem</strong></span> <span class='ocrx_word' id='word_1_82' title='bbox 983 1976 1095 2073; x_wconf 88' lang='lat' dir='ltr'><strong>placat</strong></span> <span class='ocrx_word' id='word_1_83' title='bbox 1110 1976 1253 2048; x_wconf 84' lang='lat' dir='ltr'><strong>Achille.</strong></span> 
     </span>
    </p>

    <p class='ocr_par' dir='ltr' id='par_1_6' title="bbox 394 2070 1534 2561">
     <span class='ocr_line' id='line_1_14' title="bbox 443 2098 1274 2194; baseline -0.003 -24"><span class='ocrx_word' id='word_1_84' title='bbox 443 2101 594 2171; x_wconf 88' lang='lat' dir='ltr'><strong>Mittitur</strong></span> <span class='ocrx_word' id='word_1_85' title='bbox 611 2102 842 2188; x_wconf 70' lang='lat' dir='ltr'><strong>Haemoniam,</strong></span> <span class='ocrx_word' id='word_1_86' title='bbox 861 2101 976 2194; x_wconf 86' lang='lat' dir='ltr'><strong>magni</strong></span> <span class='ocrx_word' id='word_1_87' title='bbox 994 2099 1054 2194; x_wconf 92' lang='lat' dir='ltr'><strong>qui</strong></span> <span class='ocrx_word' id='word_1_88' title='bbox 1071 2098 1171 2168; x_wconf 87' lang='lat' dir='ltr'><strong>Pelea</strong></span> <span class='ocrx_word' id='word_1_89' title='bbox 1191 2099 1274 2168; x_wconf 85' lang='lat' dir='ltr'><strong>facti</strong></span> 
     </span>
     <span class='ocr_line' id='line_1_15' title="bbox 394 2219 1326 2317; baseline -0.004 -23"><span class='ocrx_word' id='word_1_90' title='bbox 394 2221 552 2317; x_wconf 86' lang='lat' dir='ltr'><strong>Impleat,</strong></span> <span class='ocrx_word' id='word_1_91' title='bbox 570 2235 604 2291; x_wconf 91' lang='lat' dir='ltr'><strong>et</strong></span> <span class='ocrx_word' id='word_1_92' title='bbox 624 2221 764 2291; x_wconf 80' lang='lat' dir='ltr'><strong>classem</strong></span> <span class='ocrx_word' id='word_1_93' title='bbox 783 2222 990 2315; x_wconf 83' lang='lat' dir='ltr'><strong>comitesque</strong></span> <span class='ocrx_word' id='word_1_94' title='bbox 1007 2222 1042 2289; x_wconf 93' lang='lat' dir='ltr'><strong>in</strong></span> <span class='ocrx_word' id='word_1_95' title='bbox 1059 2219 1177 2314; x_wconf 87' lang='lat' dir='ltr'><strong>proelia</strong></span> <span class='ocrx_word' id='word_1_96' title='bbox 1196 2237 1326 2315; x_wconf 71' lang='lat' dir='ltr'><strong>poseat.</strong></span> 
     </span>
     <span class='ocr_line' id='line_1_16' title="bbox 394 2342 1221 2442; baseline -0.004 -26"><span class='ocrx_word' id='word_1_97' title='bbox 394 2347 467 2416; x_wconf 85' lang='lat' dir='ltr'><strong>Nec</strong></span> <span class='ocrx_word' id='word_1_98' title='bbox 484 2369 554 2416; x_wconf 93' lang='lat' dir='ltr'><strong>non</strong></span> <span class='ocrx_word' id='word_1_99' title='bbox 571 2359 606 2415; x_wconf 91' lang='lat' dir='ltr'><strong>et</strong></span> <span class='ocrx_word' id='word_1_100' title='bbox 625 2345 775 2439; x_wconf 85' lang='lat' dir='ltr'><strong>geminas</strong></span> <span class='ocrx_word' id='word_1_101' title='bbox 792 2357 952 2440; x_wconf 84' lang='lat' dir='ltr'><strong>regnator</strong></span> <span class='ocrx_word' id='word_1_102' title='bbox 971 2346 1107 2442; x_wconf 80' lang='lat' dir='ltr'><strong>Scyrius</strong></span> <span class='ocrx_word' id='word_1_103' title='bbox 1124 2342 1221 2413; x_wconf 87' lang='lat' dir='ltr'><strong>alnos</strong></span> 
     </span>
     <span class='ocr_line' id='line_1_17' title="bbox 396 2463 1199 2561; baseline -0.006 -22"><span class='ocrx_word' id='word_1_104' title='bbox 396 2465 543 2541; x_wconf 84' lang='lat' dir='ltr'><strong>Deducit</strong></span> <span class='ocrx_word' id='word_1_105' title='bbox 561 2489 704 2561; x_wconf 89' lang='lat' dir='ltr'><strong>genero,</strong></span> <span class='ocrx_word' id='word_1_106' title='bbox 721 2463 877 2558; x_wconf 86' lang='lat' dir='ltr'><strong>viresque</strong></span> <span class='ocrx_word' id='word_1_107' title='bbox 892 2477 1029 2534; x_wconf 80' lang='lat' dir='ltr'><strong>excusat</strong></span> <span class='ocrx_word' id='word_1_108' title='bbox 1049 2464 1199 2536; x_wconf 84' lang='lat' dir='ltr'><strong>Achivis.</strong></span> 
     </span>
    </p>

    <p class='ocr_par' dir='ltr' id='par_1_7' title="bbox 395 2560 1535 2801">
     <span class='ocr_line' id='line_1_18' title="bbox 395 2560 1535 2680; baseline -0.005 -24"><span class='ocrx_word' id='word_1_109' title='bbox 395 2589 491 2658; x_wconf 92' lang='lat' dir='ltr'><strong>Tunc</strong></span> <span class='ocrx_word' id='word_1_110' title='bbox 508 2583 618 2680; x_wconf 90' lang='lat' dir='ltr'><strong>epulis</strong></span> <span class='ocrx_word' id='word_1_111' title='bbox 636 2598 814 2656; x_wconf 87' lang='lat' dir='ltr'><strong>consumta</strong></span> <span class='ocrx_word' id='word_1_112' title='bbox 833 2583 919 2671; x_wconf 89' lang='lat' dir='ltr'><strong>dies,</strong></span> <span class='ocrx_word' id='word_1_113' title='bbox 937 2583 1140 2679; x_wconf 85' lang='lat' dir='ltr'><strong>tandemque</strong></span> <span class='ocrx_word' id='word_1_114' title='bbox 1160 2599 1337 2680; x_wconf 86' lang='lat' dir='ltr'><strong>receptum</strong></span> <span class='ocrx_word' id='word_1_115' title='bbox 1534 2560 1535 2650; x_wconf 88' lang='lat' dir='ltr'><strong>l</strong></span> 
     </span>
     <span class='ocr_line' id='line_1_19' title="bbox 395 2703 1345 2801; baseline -0.002 -25"><span class='ocrx_word' id='word_1_116' title='bbox 395 2705 533 2794; x_wconf 86' lang='lat' dir='ltr'><strong>Foedus,</strong></span> <span class='ocrx_word' id='word_1_117' title='bbox 552 2719 586 2775; x_wconf 90' lang='lat' dir='ltr'><strong>et</strong></span> <span class='ocrx_word' id='word_1_118' title='bbox 606 2703 793 2800; x_wconf 90' lang='lat' dir='ltr'><strong>intrepidos</strong></span> <span class='ocrx_word' id='word_1_119' title='bbox 810 2729 879 2774; x_wconf 85' lang='lat' dir='ltr'><strong>nox</strong></span> <span class='ocrx_word' id='word_1_120' title='bbox 896 2707 1030 2775; x_wconf 85' lang='lat' dir='ltr'><strong>conscia</strong></span> <span class='ocrx_word' id='word_1_121' title='bbox 1047 2706 1162 2801; x_wconf 90' lang='lat' dir='ltr'><strong>jungit</strong></span> <span class='ocrx_word' id='word_1_122' title='bbox 1181 2722 1345 2776; x_wconf 86' lang='lat' dir='ltr'><strong>amantes.</strong></span> 
     </span>
    </p>

    <p class='ocr_par' dir='ltr' id='par_1_8' title="bbox 396 2820 1411 3284">
     <span class='ocr_line' id='line_1_20' title="bbox 445 2820 1411 2918; baseline 0.001 -22"><span class='ocrx_word' id='word_1_123' title='bbox 445 2824 540 2896; x_wconf 90' lang='lat' dir='ltr'><strong>Illius</strong></span> <span class='ocrx_word' id='word_1_124' title='bbox 562 2839 640 2896; x_wconf 89' lang='lat' dir='ltr'><strong>ante</strong></span> <span class='ocrx_word' id='word_1_125' title='bbox 657 2823 773 2895; x_wconf 84' lang='lat' dir='ltr'><strong>oculos</strong></span> <span class='ocrx_word' id='word_1_126' title='bbox 790 2849 879 2896; x_wconf 87' lang='lat' dir='ltr'><strong>nova</strong></span> <span class='ocrx_word' id='word_1_127' title='bbox 895 2820 1004 2912; x_wconf 86' lang='lat' dir='ltr'><strong>bella,</strong></span> <span class='ocrx_word' id='word_1_128' title='bbox 1025 2841 1060 2894; x_wconf 88' lang='lat' dir='ltr'><strong>et</strong></span> <span class='ocrx_word' id='word_1_129' title='bbox 1077 2827 1252 2914; x_wconf 82' lang='lat' dir='ltr'><strong>Xanthus,</strong></span> <span class='ocrx_word' id='word_1_130' title='bbox 1273 2842 1311 2897; x_wconf 88' lang='lat' dir='ltr'><strong>et</strong></span> <span class='ocrx_word' id='word_1_131' title='bbox 1329 2828 1411 2918; x_wconf 84' lang='lat' dir='ltr'><strong>Ide,</strong></span> 
     </span>
     <span class='ocr_line' id='line_1_21' title="bbox 397 2946 1362 3043; baseline 0.002 -25"><span class='ocrx_word' id='word_1_132' title='bbox 397 2946 629 3043; x_wconf 78' lang='lat' dir='ltr'><strong>Argolicaeque</strong></span> <span class='ocrx_word' id='word_1_133' title='bbox 647 2960 738 3017; x_wconf 87' lang='lat' dir='ltr'><strong>rates</strong></span> <span class='ocrx_word' id='word_1_134' title='bbox 759 2972 768 3016; x_wconf 77' lang='grc' dir='ltr'><em>τ</em></span> <span class='ocrx_word' id='word_1_135' title='bbox 789 2961 891 3042; x_wconf 85' lang='lat' dir='ltr'><strong>atque</strong></span> <span class='ocrx_word' id='word_1_136' title='bbox 910 2948 982 3016; x_wconf 79' lang='lat' dir='ltr'><strong>haec</strong></span> <span class='ocrx_word' id='word_1_137' title='bbox 998 2949 1070 3039; x_wconf 87' lang='lat' dir='ltr'><strong>jam</strong></span> <span class='ocrx_word' id='word_1_138' title='bbox 1087 2949 1215 3043; x_wconf 88' lang='lat' dir='ltr'><strong>cogitat</strong></span> <span class='ocrx_word' id='word_1_139' title='bbox 1232 2948 1362 3036; x_wconf 85' lang='lat' dir='ltr'><strong>undas,</strong></span> 
     </span>
     <span class='ocr_line' id='line_1_22' title="bbox 397 3068 1156 3163; baseline -0.004 -24"><span class='ocrx_word' id='word_1_140' title='bbox 397 3076 634 3163; x_wconf 83' lang='lat' dir='ltr'><strong>Auroramque</strong></span> <span class='ocrx_word' id='word_1_141' title='bbox 652 3069 748 3137; x_wconf 85' lang='lat' dir='ltr'><strong>timet</strong></span> <span class='ocrx_word' id='word_1_142' title='bbox 768 3091 776 3136; x_wconf 75' lang='grc' dir='ltr'><strong><em>ε</em></strong></span> <span class='ocrx_word' id='word_1_143' title='bbox 796 3091 874 3137; x_wconf 88' lang='lat' dir='ltr'><strong>cara</strong></span> <span class='ocrx_word' id='word_1_144' title='bbox 894 3069 1023 3137; x_wconf 89' lang='lat' dir='ltr'><strong>cervice</strong></span> <span class='ocrx_word' id='word_1_145' title='bbox 1043 3068 1156 3137; x_wconf 89' lang='lat' dir='ltr'><strong>mariti</strong></span> 
     </span>
     <span class='ocr_line' id='line_1_23' title="bbox 396 3186 1335 3284; baseline 0 -25"><span class='ocrx_word' id='word_1_146' title='bbox 396 3195 483 3260; x_wconf 87' lang='lat' dir='ltr'><strong>Fusa</strong></span> <span class='ocrx_word' id='word_1_147' title='bbox 498 3191 596 3276; x_wconf 87' lang='lat' dir='ltr'><strong>novi,</strong></span> <span class='ocrx_word' id='word_1_148' title='bbox 614 3187 778 3284; x_wconf 81' lang='lat' dir='ltr'><strong>lacrymas</strong></span> <span class='ocrx_word' id='word_1_149' title='bbox 794 3190 865 3281; x_wconf 86' lang='lat' dir='ltr'><strong>jam</strong></span> <span class='ocrx_word' id='word_1_150' title='bbox 882 3186 996 3277; x_wconf 87' lang='lat' dir='ltr'><strong>solvit,</strong></span> <span class='ocrx_word' id='word_1_151' title='bbox 1016 3203 1050 3258; x_wconf 89' lang='lat' dir='ltr'><strong>et</strong></span> <span class='ocrx_word' id='word_1_152' title='bbox 1067 3203 1208 3283; x_wconf 84' lang='lat' dir='ltr'><strong>occupat</strong></span> <span class='ocrx_word' id='word_1_153' title='bbox 1227 3201 1335 3260; x_wconf 73' lang='lat' dir='ltr'><strong>amus.</strong></span> 
     </span>
    </p>

    <p class='ocr_par' dir='ltr' id='par_1_9' title="bbox 396 3310 1415 3526">
     <span class='ocr_line' id='line_1_24' title="bbox 396 3310 1415 3406; baseline 0.005 -30"><span class='ocrx_word' id='word_1_154' title='bbox 396 3341 414 3376; x_wconf 70' lang='lat' dir='ltr'><strong>a</strong></span> <span class='ocrx_word' id='word_1_155' title='bbox 425 3310 664 3406; x_wconf 86' lang='lat' dir='ltr'><strong>Adspiciamne</strong></span> <span class='ocrx_word' id='word_1_156' title='bbox 680 3311 823 3398; x_wconf 88' lang='lat' dir='ltr'><strong>iterum,</strong></span> <span class='ocrx_word' id='word_1_157' title='bbox 840 3333 960 3404; x_wconf 85' lang='lat' dir='ltr'><strong>meque</strong></span> <span class='ocrx_word' id='word_1_158' title='bbox 977 3310 1094 3380; x_wconf 87' lang='lat' dir='ltr'><strong>hocin</strong></span> <span class='ocrx_word' id='word_1_159' title='bbox 1112 3323 1250 3406; x_wconf 85' lang='lat' dir='ltr'><strong>pectore</strong></span> <span class='ocrx_word' id='word_1_160' title='bbox 1267 3336 1415 3405; x_wconf 87' lang='lat' dir='ltr'><strong>ponam,</strong></span> 
     </span>
     <span class='ocr_line' id='line_1_25' title="bbox 396 3429 1293 3526; baseline -0.006 -23"><span class='ocrx_word' id='word_1_161' title='bbox 396 3430 557 3503; x_wconf 81' lang='lat' dir='ltr'><strong>AEacidet</strong></span> <span class='ocrx_word' id='word_1_162' title='bbox 576 3454 759 3526; x_wconf 84' lang='lat' dir='ltr'><strong>rursusque</strong></span> <span class='ocrx_word' id='word_1_163' title='bbox 780 3445 857 3500; x_wconf 87' lang='lat' dir='ltr'><strong>tuos</strong></span> <span class='ocrx_word' id='word_1_164' title='bbox 874 3429 1058 3526; x_wconf 85' lang='lat' dir='ltr'><strong>dignabere</strong></span> <span class='ocrx_word' id='word_1_165' title='bbox 1077 3429 1218 3524; x_wconf 86' lang='lat' dir='ltr'><strong>partus?</strong></span> <span class='ocrx_word' id='word_1_166' title='bbox 1291 3503 1293 3508; x_wconf 67' lang='lat'><strong>,</strong></span> 
     </span>
    </p>

    <p class='ocr_par' dir='ltr' id='par_1_10' title="bbox 395 3543 1326 3768">
     <span class='ocr_line' id='line_1_26' title="bbox 395 3543 1326 3648; baseline -0.001 -25"><span class='ocrx_word' id='word_1_167' title='bbox 395 3556 449 3623; x_wconf 82' lang='lat' dir='ltr'><strong>An</strong></span> <span class='ocrx_word' id='word_1_168' title='bbox 466 3543 615 3621; x_wconf 87' lang='lat' dir='ltr'><strong>tumidus</strong></span> <span class='ocrx_word' id='word_1_169' title='bbox 630 3555 846 3646; x_wconf 87' lang='lat' dir='ltr'><strong>Teucrosque</strong></span> <span class='ocrx_word' id='word_1_170' title='bbox 861 3549 963 3640; x_wconf 88' lang='lat' dir='ltr'><strong>lares,</strong></span> <span class='ocrx_word' id='word_1_171' title='bbox 981 3565 1016 3620; x_wconf 92' lang='lat' dir='ltr'><strong>et</strong></span> <span class='ocrx_word' id='word_1_172' title='bbox 1032 3565 1130 3648; x_wconf 88' lang='lat' dir='ltr'><strong>capta</strong></span> <span class='ocrx_word' id='word_1_173' title='bbox 1147 3561 1326 3647; x_wconf 78' lang='lat' dir='ltr'><strong>reportans</strong></span> 
     </span>
     <span class='ocr_line' id='line_1_27' title="bbox 397 3670 1244 3768; baseline -0.005 -24"><span class='ocrx_word' id='word_1_174' title='bbox 397 3675 577 3768; x_wconf 88' lang='lat' dir='ltr'><strong>Pergama,</strong></span> <span class='ocrx_word' id='word_1_175' title='bbox 597 3672 756 3767; x_wconf 75' lang='lat' dir='ltr'><strong>virginee</strong></span> <span class='ocrx_word' id='word_1_176' title='bbox 772 3670 858 3740; x_wconf 91' lang='lat' dir='ltr'><strong>nolis</strong></span> <span class='ocrx_word' id='word_1_177' title='bbox 874 3671 1063 3742; x_wconf 84' lang='lat' dir='ltr'><strong>meminisse</strong></span> <span class='ocrx_word' id='word_1_178' title='bbox 1083 3670 1244 3742; x_wconf 70' lang='lat' dir='ltr'><strong>latebrae?</strong></span> 
     </span>
    </p>

    <p class='ocr_par' dir='ltr' id='par_1_11' title="bbox 396 3791 1455 4131">
     <span class='ocr_line' id='line_1_28' title="bbox 396 3791 1455 3889; baseline 0.002 -26"><span class='ocrx_word' id='word_1_179' title='bbox 396 3793 491 3883; x_wconf 89' lang='lat' dir='ltr'><strong>Quid</strong></span> <span class='ocrx_word' id='word_1_180' title='bbox 500 3793 903 3888; x_wconf 85' lang='lat' dir='ltr'><strong>precer,hen,timeamve</strong></span> <span class='ocrx_word' id='word_1_181' title='bbox 913 3793 1157 3889; x_wconf 81' lang='lat' dir='ltr'><strong>priuslquidve</strong></span> <span class='ocrx_word' id='word_1_182' title='bbox 1168 3794 1267 3863; x_wconf 84' lang='lat' dir='ltr'><strong>anxia</strong></span> <span class='ocrx_word' id='word_1_183' title='bbox 1276 3791 1455 3882; x_wconf 77' lang='lat' dir='ltr'><strong>mandem,</strong></span> 
     </span>
     <span class='ocr_line' id='line_1_29' title="bbox 397 3913 1305 4010; baseline -0.002 -24"><span class='ocrx_word' id='word_1_184' title='bbox 397 3917 462 3986; x_wconf 93' lang='lat' dir='ltr'><strong>Cui</strong></span> <span class='ocrx_word' id='word_1_185' title='bbox 481 3915 538 3984; x_wconf 84' lang='lat' dir='ltr'><strong>vix</strong></span> <span class='ocrx_word' id='word_1_186' title='bbox 558 3914 638 3984; x_wconf 90' lang='lat' dir='ltr'><strong>llere</strong></span> <span class='ocrx_word' id='word_1_187' title='bbox 653 3913 772 3985; x_wconf 78' lang='lat' dir='ltr'><strong>vacat?</strong></span> <span class='ocrx_word' id='word_1_188' title='bbox 791 3914 892 3984; x_wconf 90' lang='lat' dir='ltr'><strong>modo</strong></span> <span class='ocrx_word' id='word_1_189' title='bbox 910 3927 943 3983; x_wconf 90' lang='lat' dir='ltr'><strong>te</strong></span> <span class='ocrx_word' id='word_1_190' title='bbox 961 3937 1029 3984; x_wconf 85' lang='lat' dir='ltr'><strong>nox</strong></span> <span class='ocrx_word' id='word_1_191' title='bbox 1045 3939 1112 3984; x_wconf 91' lang='lat' dir='ltr'><strong>una</strong></span> <span class='ocrx_word' id='word_1_192' title='bbox 1129 3913 1305 4010; x_wconf 88' lang='lat' dir='ltr'><strong>deditque,</strong></span> 
     </span>
     <span class='ocr_line' id='line_1_30' title="bbox 397 4031 1323 4131; baseline -0.001 -25"><span class='ocrx_word' id='word_1_193' title='bbox 397 4035 593 4130; x_wconf 83' lang='lat' dir='ltr'><strong>inviditque</strong></span> <span class='ocrx_word' id='word_1_194' title='bbox 612 4033 706 4105; x_wconf 90' lang='lat' dir='ltr'><strong>mihi.</strong></span> <span class='ocrx_word' id='word_1_195' title='bbox 724 4034 894 4106; x_wconf 86' lang='lat' dir='ltr'><strong>Thalamis</strong></span> <span class='ocrx_word' id='word_1_196' title='bbox 911 4031 982 4105; x_wconf 74' lang='lat' dir='ltr'><strong>haec</strong></span> <span class='ocrx_word' id='word_1_197' title='bbox 999 4051 1151 4131; x_wconf 89' lang='lat' dir='ltr'><strong>tempora</strong></span> <span class='ocrx_word' id='word_1_198' title='bbox 1168 4037 1323 4106; x_wconf 84' lang='lat' dir='ltr'><strong>nostris?</strong></span> 
     </span>
    </p>

    <p class='ocr_par' dir='ltr' id='par_1_12' title="bbox 398 4155 1315 4255">
     <span class='ocr_line' id='line_1_31' title="bbox 398 4155 1315 4255; baseline -0.003 -27"><span class='ocrx_word' id='word_1_199' title='bbox 398 4158 506 4228; x_wconf 87' lang='lat' dir='ltr'><strong>Hicne</strong></span> <span class='ocrx_word' id='word_1_200' title='bbox 524 4173 574 4228; x_wconf 89' lang='lat' dir='ltr'><strong>est</strong></span> <span class='ocrx_word' id='word_1_201' title='bbox 590 4156 676 4227; x_wconf 90' lang='lat' dir='ltr'><strong>liber</strong></span> <span class='ocrx_word' id='word_1_202' title='bbox 690 4157 848 4255; x_wconf 82' lang='lat' dir='ltr'><strong>Hymen?</strong></span> <span class='ocrx_word' id='word_1_203' title='bbox 865 4183 887 4226; x_wconf 91' lang='lat' dir='ltr'><strong>o</strong></span> <span class='ocrx_word' id='word_1_204' title='bbox 905 4155 1016 4228; x_wconf 89' lang='lat' dir='ltr'><strong>dulcia</strong></span> <span class='ocrx_word' id='word_1_205' title='bbox 1037 4156 1145 4248; x_wconf 84' lang='lat' dir='ltr'><strong>furta,</strong></span> <span class='ocrx_word' id='word_1_206' title='bbox 1162 4155 1315 4251; x_wconf 90' lang='lat' dir='ltr'><strong>dolique,</strong></span> 
     </span>
    </p>
   </div>
   <div class='ocr_carea' id='block_1_3' title="bbox 0 0 1550 5136">
    <p class='ocr_par' dir='ltr' id='par_1_13' title="bbox 0 0 1550 5136">
     <span class='ocr_line' id='line_1_32' title="bbox 0 0 1550 5136; baseline 0 0"><span class='ocrx_word' id='word_1_207' title='bbox 0 0 1550 5136; x_wconf 95' lang='lat' dir='ltr'><strong> </strong></span> 
     </span>
    </p>
   </div>
  </div>
 </body>
</html>
