3156 5138
383 471 439 530 asa
731 471 761 526 r.
784 469 1056 548 ruamtsraru

382 600 548 672 Admotus
566 595 704 694 conjux!
722 599 831 668 vicisti
849 597 971 694 gaudia
985 611 1077 666 certe

379 723 507 816 Ipsius,
526 719 645 792 adfuso
666 718 747 790 dum
768 733 902 814 pectore
922 743 1030 813 prona
1050 729 1197 786 sacratos

381 847 471 913 Ante
492 841 593 936 pedes
613 840 712 912 avide
732 840 861 912 domini
883 855 952 910 tam
973 862 1096 934 magna
1115 839 1276 908 merentis

379 961 544 1033 Volveris'.
564 963 675 1032 Aonio
692 987 762 1032 non
780 965 828 1032 sic
845 964 881 1030 in
897 961 1024 1032 vertice
1040 960 1181 1056 gaudet,

380 1083 494 1173 Quam
510 1097 607 1179 pater
621 1085 737 1152 arcam
753 1082 900 1182 prefecit
915 1083 1064 1152 hiatibus
1083 1082 1173 1152 antri

378 1202 513 1293 Delius,
527 1219 588 1274 aut
608 1204 709 1299 primi
729 1205 784 1273 cui
802 1204 858 1298 jus
874 1201 1064 1272 venerabile
1085 1203 1192 1298 thyrsi

379 1324 545 1412 Bacchus,
567 1340 602 1395 et
621 1326 773 1394 attonitas
793 1323 912 1394 tribuit
932 1322 1052 1394 vexilla
1071 1339 1223 1396 catervae.

427 1448 499 1520 Nec
514 1461 629 1516 tamen
646 1446 703 1516 hic
718 1460 849 1516 mutata
867 1446 975 1540 qtries,
995 1445 1188 1541 probitasve
1206 1444 1365 1516 secundis

379 1569 563 1656 Intumuit3
579 1583 677 1640 tenor
692 1567 782 1637 idem
798 1568 929 1656 animo,
945 1592 1124 1664 moresque
1140 1566 1303 1652 modesti,

379 1695 529 1761 Fortuna
550 1703 739 1781 crescente,
759 1703 921 1760 manent:
943 1690 1036 1762 fovet
1051 1690 1150 1762 anxia
1171 1714 1270 1761 curas

380 1811 563 1908 Conjugis,
583 1811 806 1908 hortaturque
825 1810 945 1901 simul,
965 1811 1137 1908 flectitque
1158 1811 1300 1882 labores.

379 1935 457 2028 Ipsa
478 1932 581 2029 dapes
603 1931 770 2024 modicas,
791 1948 826 2004 ct
845 1935 958 2004 sobria
978 1933 1100 2030 pocula
1120 1933 1241 2024 tradit,

380 2053 648 2150 Exemplumque
664 2055 707 2125 ad
722 2053 829 2125 herile
843 2072 960 2126 monet
978 2081 986 2125 ε
1005 2055 1098 2128 velut
1115 2055 1251 2152 Appula
1268 2058 1394 2150 conjnx

381 2175 548 2273 Agricolae
567 2179 681 2273 parci,
702 2176 755 2249 vel
776 2175 847 2250 sole
866 2177 992 2248 infecta
1011 2178 1154 2266 Sabina,

379 2297 467 2387 Qua'r
486 2299 579 2369 videt
597 2299 750 2390 emeriti,
760 2299 831 2394 jam
854 2300 1148 2395 prospectantibus
1168 2300 1282 2389 astris,

379 2422 528 2517 Tempus
549 2419 666 2490 adesse
684 2422 764 2509 viri,
785 2445 930 2516 propere
949 2445 1149 2514 mensasque
1169 2434 1333 2514 torosque

379 2542 539 2629 Instruit,
559 2555 798 2636 exspectatque
817 2566 940 2614 sonum
960 2542 1134 2611 redeuntis
1153 2542 1268 2611 aratri.

428 2665 538 2731 Parva
558 2660 707 2756 loquor:
729 2677 842 2737 tecum
864 2660 992 2758 gelidas
1013 2687 1125 2732 comes
1147 2661 1206 2731 illa
1227 2687 1290 2756 per
1311 2667 1448 2746 Arctos,

380 2783 647 2877 Sarmaticasque
664 2784 808 2873 hiemes,
828 2785 1038 2878 Istrumque,
1058 2796 1092 2854 ct
1112 2781 1237 2878 pallida
1258 2783 1373 2851 Rheni

378 2903 535 2999 Frigora,
553 2919 664 2974 tecum
679 2929 797 2974 omncs
813 2905 928 2974 animo
943 2904 1068 2974 durare
1083 2927 1144 2999 per
1159 2917 1275 2990 aestus,

379 3027 439 3110 Et,
459 3025 488 3093 si
509 3037 618 3094 castra
639 3025 775 3111 darent,
796 3023 897 3094 vellet
917 3040 1048 3120 gestare
1068 3024 1262 3119 pharetras,

380 3142 492 3214 Vellet
510 3145 696 3216 Amazonia
713 3144 801 3215 latus
821 3142 1049 3215 intercludere
1066 3142 1174 3239 pelta;

380 3267 474 3334 Dum
494 3279 528 3334 te
548 3262 708 3360 pulverea
727 3263 896 3335 bellorum
914 3266 948 3334 in
965 3265 1057 3334 nube
1077 3243 1209 3335 videret

381 3386 522 3455 Caesarei
541 3410 647 3480 prope
666 3385 794 3458 lulmen
811 3386 907 3480 equi,
927 3383 1109 3479 divinaque
1130 3383 1197 3456 tela

380 3505 593 3594 Librantem,
614 3522 648 3576 et
668 3529 798 3602 magnae
819 3531 974 3601 sparsum
995 3506 1177 3577 sudoribus
1196 3505 1312 3576 hastae.

430 3630 618 3715 Hactenus,
635 3625 724 3696 alma
735 3626 848 3722 chelys
863 3654 872 3697 ε
887 3642 1022 3723 tempus
1038 3653 1130 3697 nunc
1148 3652 1277 3725 ponere
1292 3629 1447 3715 frondes,

380 3747 523 3836 Phoebe,
543 3761 638 3838 tuas,
659 3763 845 3843 moestaque
866 3773 998 3821 comam
1019 3749 1182 3820 damnare
1202 3774 1373 3845 cupresso.

381 3868 548 3958 Quisnam
564 3869 731 3963 impacata
747 3870 1041 3965 consanguinitate
1056 3868 1175 3966 ligavit

380 3983 566 4060 Fortunam
582 3989 819 4083 Invidiamque
833 3989 946 4061 Deus?
960 3991 1036 4085 quis
1048 3991 1149 4086 jussit
1164 3991 1299 4085 iniquas

382 4111 558 4186 AEternum
579 4109 704 4180 bellare
725 4109 838 4181 Deas?
856 4109 1029 4181 nullamne
1050 4113 1180 4181 notavit
