3080 5136
358 409 414 465 312
733 405 1035 461 ADNOTATIONES

399 528 466 601 Ipse
484 525 552 580 olim
576 523 703 580 interris
725 521 765 601 (v.
783 519 863 600 387).
885 525 990 578 Manus
1008 521 1091 578 Statii
1110 519 1140 577 in
1158 522 1216 576 tta
1234 539 1242 574 ε
1263 521 1296 574 in
1313 531 1421 588 terras,

359 639 382 676 c.
404 620 441 694 gl.
461 637 468 672 :
489 641 502 667 r
516 619 676 674 Devenerat
688 611 862 690 jampridem
876 615 938 690 ipse
957 615 988 671 in
1002 625 1101 671 terras.
1120 640 1133 666 ι

399 724 470 798 igni
494 719 532 800 (v.
561 720 638 800 4ο7).
659 721 792 779 Fulmini.
813 720 903 792 Quod
923 721 1089 795 exprimunt
1115 721 1131 778 3
1157 719 1246 776 codd.
1264 719 1422 776 lectione:

359 817 481 874 «minor
500 826 542 872 est
562 815 643 872 lovis
658 814 727 890 imp.
751 814 848 890 igni»
869 813 956 869 Unde
976 811 1145 870 Wakefield.
1169 813 1269 870 effecit
1295 813 1341 867 ad
1359 815 1422 868 Lu-

357 920 425 964 cret.
440 927 468 977 1,
491 908 591 964 1003:
613 911 649 963 A.
668 907 795 962 bibernis
813 907 1033 981 manorunpetas
1051 917 1082 961 et
1095 906 1172 960 Jovr's
1185 907 1204 960 i.

400 1011 509 1068 Oleniis
535 1023 657 1067 manant
682 1023 722 1068 tot
742 1011 871 1066 cornibus
892 1010 993 1066 imbres
1017 1007 1057 1088 (v.
1076 1009 1154 1088 423).
1174 1010 1341 1066 «Olenium
1363 1013 1423 1064 Ar-

358 1103 445 1160 cadia
465 1103 561 1181 [immo
582 1105 691 1160 Olenus
714 1101 838 1180 Achajae]
859 1102 999 1176 oppidum
1021 1123 1029 1160 :
1049 1104 1127 1159 unde
1145 1102 1282 1159 Oleniam
1303 1121 1424 1176 capram

357 1197 443 1253 fuisse
467 1198 584 1265 volunt,
610 1197 690 1253 lovis
710 1195 860 1252 nutricem.
880 1197 949 1252 llaec
970 1213 1036 1250 cum
1058 1193 1123 1251 filiis
1145 1195 1204 1252 suis
1223 1195 1304 1250 inter
1327 1195 1424 1250 sidu-a

356 1301 471 1364 recepta
481 1301 540 1345 est:
556 1288 639 1360 cujus
660 1289 739 1344 sidus
751 1287 933 1344 imbriferum
948 1286 1094 1344 dicitur...
1114 1288 1194 1344 Dicit
1206 1288 1301 1365 igitur
1320 1288 1424 1344 scabe-

356 1401 421 1438 rum
442 1383 624 1438 crebritatem
644 1381 774 1438 assiduos
792 1381 899 1438 imbres
916 1397 1005 1456 posse
1021 1399 1167 1455 superare.
1188 1405 1202 1431 ι
1220 1383 1315 1436 Lac-r.
1375 1408 1382 1430 ·

404 1491 526 1545 Verbera
533 1489 669 1566 pallidus
686 1489 772 1542 addit
786 1483 825 1564 (v.
844 1484 923 1565 45ο).
938 1489 986 1544 PR
1007 1506 1014 1542 ε
1030 1511 1043 1536 α
1054 1486 1158 1558 audet,
1173 1511 1186 1539 ι
1211 1487 1301 1562 quod
1319 1505 1423 1542 vuum

356 1583 479 1638 videtur.
505 1581 737 1638 precedentibus
765 1599 812 1638 vv.
839 1581 957 1654 plausus
985 1579 1194 1655 intelliguntur,
1222 1599 1303 1656 quos
1331 1579 1423 1635 edunt

357 1685 533 1748 spectatores
553 1685 710 1750 surgentes.

397 1783 549 1856 Multaque
567 1779 605 1856 (v.
626 1778 704 1856 459).
725 1781 818 1837 «Non
835 1780 896 1837 sine
910 1781 1023 1838 ratione
1044 1801 1157 1838 versum
1180 1782 1263 1836 hunc
1281 1779 1422 1835 omittunt

357 1875 529 1931 membranae
543 1874 597 1929 illae
615 1873 823 1930 laudatissimae.
842 1897 854 1924 ι
874 1875 986 1930 Basra.
1000 1905 1041 1917 -
1053 1877 1089 1931 In
1104 1877 1184 1931 lact.
1203 1874 1324 1949 legium.

397 1981 518 2037 Echion
538 1977 577 2056 (v.
596 1977 675 2058 465).
690 1979 859 2054 Legendum
878 1999 945 2035 cum
963 1982 1081 2037 Barthio
1099 1981 1231 2050 AEthibn,
1251 1991 1286 2038 ut
1306 1999 1345 2060 ex
1358 1999 1421 2035 me-

291 2058 295 2067 ’
358 2073 480 2130 lioribus
501 2072 586 2129 codd.
609 2083 686 2128 certe
706 2073 780 2128 alter
797 2073 918 2130 Bebotii.
940 2074 1036 2130 Verba
1054 2075 1197 2131 Lactantii
1216 2074 1249 2128 in
1273 2073 1344 2128 cod.
1362 2076 1420 2128 Pa-

357 2166 404 2222 ris.
423 2167 463 2222 ita
484 2165 651 2222 scribuntur
671 2184 678 2220 :
699 2166 832 2221 iucunde
852 2183 946 2240 graeco
967 2166 1080 2221 nomini
1099 2164 1318 2240 expositionem
1339 2164 1421 2236 adje-

357 2260 412 2330 cit,
431 2257 500 2334 quia
517 2257 638 2314 AEtbiou
658 2257 765 2314 dicitur
783 2257 935 2314 decolore
953 2257 1038 2336 [vulg.
1054 2261 1179 2314 calore:
1204 2259 1243 2314 ci.
1261 2259 1300 2314 Η.
1319 2259 1419 2332 Stepb.

360 2351 443 2406 Thes.
463 2351 498 2406 I..
515 2351 580 2421 Gn,
598 2369 624 2421 1,
641 2369 671 2424 p.
689 2351 748 2424 960
768 2348 887 2427 Paris.]:
904 2350 981 2406 unde
1000 2363 1030 2406 et
1043 2351 1173 2425 Jopbion
1193 2349 1294 2427 [nugo
1315 2352 1419 2426 Hype-

356 2446 434 2512 rion,·
454 2443 551 2499 Rarth.
571 2463 578 2498 :
598 2443 714 2518 Virgilii
732 2441 864 2518 AEtlion],
880 2443 1013 2520 quamvis
1033 2445 1082 2499 alii
1107 2442 1300 2518 patermemei
1321 2441 1420 2519 [vulgo

353 2538 533 2612 potermenii.
544 2538 621 2612 Lege
628 2533 842 2612 patronymice]
855 2535 997 2611 accipiant
1011 2556 1019 2591 :
1032 2547 1190 2612 utrumque
1200 2547 1297 2592 tamen
1308 2546 1398 2593 recte
1408 2561 1420 2584 ι

273 2629 278 2642 ’
357 2637 456 2701 Altius,
476 2638 509 2683 ut
529 2647 590 2684 non
606 2646 674 2684 raro
688 2625 755 2683 ficta
777 2645 794 2683 a
811 2627 905 2701 poetis
921 2629 1039 2684 nomina
1057 2629 1193 2702 propria,
1213 2628 1253 2684 ad
1274 2639 1421 2702 patrony-

356 2721 497 2776 micorum
513 2720 716 2776 iormationem
730 2720 836 2776 lactum
855 2739 915 2776 esse
928 2720 1044 2778 videtur
1058 2721 1095 2776 ab
1110 2723 1186 2793 αἶθος,
1199 2733 1237 2782 τό,
1259 2721 1346 2776 td·
1364 2741 1419 2776 no-

356 2831 423 2869 men
442 2812 593 2868 hominum
610 2812 686 2868 inira
705 2831 770 2883 vn,
791 2809 847 2882 757
868 2811 915 2886 (cf.
933 2831 969 2882 x,
992 2811 1070 2891 734),
1098 2823 1127 2868 et
1150 2830 1198 2887 ap.
1220 2813 1330 2884 oria,
1352 2815 1420 2868 Me-

357 2917 443 2974 tam„
460 2924 489 2975 v,
510 2905 575 2972 ι46.

402 2999 486 3054 Vertit
502 2999 531 3054 in
546 2999 643 3074 spatia
661 2994 699 3076 (v.
723 2995 800 3076 493).
820 2999 877 3054 ΜΒ
893 3017 900 3053 :
920 3003 1004 3055 volat
1018 3001 1047 3054 in
1061 3020 1103 3076 sp.

397 3105 452 3161 Seu
461 3105 556 3178 finxit
574 3105 603 3159 in
618 3103 683 3160 astu
707 3105 853 3180 Temporis
867 3101 907 3182 (v.
929 3104 1008 3184 496).
1023 3109 1078 3162 ΜΒ
1094 3127 1101 3162 :
1116 3125 1187 3162 «seu
1196 3105 1419 3178 finxemtoests

356 3208 484 3272 temp.,»
502 3207 623 3272 urgente
638 3207 788 3270 tempore,
807 3197 882 3254 bene
900 3199 1014 3272 opinor.
1029 3201 1074 3256 Al.
1092 3200 1168 3272 conj.
1189 3210 1291 3255 :actu

402 3304 456 3360 Seu
466 3304 587 3359 monstri
598 3303 701 3371 uictor,
720 3321 771 3359 seu
781 3299 927 3382 Marte(v.
944 3301 1022 3384 534).
1037 3305 1130 3362 codd.
1145 3304 1274 3380 aliquot,
1287 3306 1321 3361 iu
1335 3307 1421 3381 quib.

357 3397 418 3452 duo
432 3396 585 3452 meliorum
603 3415 610 3450 :
625 3395 767 3452 monebis.

398 3492 434 3544 In
452 3492 528 3544 maus
547 3488 589 3544 ire
608 3507 711 3544 manus
730 3485 769 3565 (r.
794 3488 873 3567 544).
895 3492 973 3568 lege
1001 3511 1066 3548 cum
1086 3490 1189 3546 Markl.
1211 3493 1255 3546 ad
1279 3493 1371 3562 Sita,
1396 3515 1420 3561 ι,

358 3598 391 3651 a,
409 3581 446 3636 82
465 3601 583 3638 :mana

399 3674 552 3729 Moenob‘oe
570 3677 725 3731 Atalantes
743 3673 782 3752 (v.
805 3673 862 3731 563
885 3674 971 3750 sqq.).
990 3679 1153 3746 Permutat,
1171 3687 1205 3732 ut
1220 3678 1306 3732 multi
1321 3690 1420 3752 poet:

357 3776 385 3822 et
410 3765 579 3839 scriptores,
603 3767 776 3824 Arcadicam
801 3769 981 3838 Atalantam,
1004 3779 1124 3825 matrem
1152 3770 1357 3844 Parthenopaei
1385 3791 1419 3828 ex

357 3859 517 3933 Meleagro,
535 3877 600 3914 cum
614 3859 798 3930 Schoeneidc,
812 3860 1001 3934 Hippomenis
1011 3879 1113 3917 uxore.

399 3968 510 4039 Aperta
529 3965 629 4036 Lycoei
642 3961 681 4042 (v.
701 3963 780 4044 567).
798 3967 934 4024 Meliores
948 3967 1045 4023 Barth.
1060 3987 1067 4022 :
1084 3980 1203 4044 operta,
1219 3979 1248 4024 ct
1262 3969 1295 4024 in
1309 3989 1371 4044 seq.
1392 3991 1418 4024 r.

357 4075 450 4112 nunus
468 4058 636 4134 reprendere
649 4076 705 4131 pro
719 4060 798 4133 depr.
810 4081 821 4108 i
