3206 5136
380 493 382 496 ·
430 471 471 531 IN
494 477 523 531 P.
546 478 577 530 P.
599 474 726 530 STATII
746 475 840 530 SILV.
852 474 932 529 ΠΒ.
949 476 995 529 V:
1025 493 1029 502 ’
1173 477 1229 551 ²93
1270 489 1272 498 ’

170 595 209 648 ln
223 613 285 669 seq.
298 611 384 649 versu
398 592 496 667 lingua
504 593 622 646 mirrium
635 589 800 647 Marklandi
814 601 864 646 est.
874 589 984 648 coda:
996 591 1093 664 lingna
1108 593 1229 650 sibilum.

170 687 265 744 Unde
280 685 445 742 Gronovius
463 685 530 742 fecit
543 686 644 760 lingua
657 684 758 751 simili,
773 682 939 740 imitationis
951 683 1070 739 mimicae
1083 685 1207 758 perituro
1222 708 1228 742 :
1286 711 1290 725 ·

172 781 259 854 cnjus
285 779 397 836 dehac
417 798 450 836 re
466 797 494 836 r.
514 777 690 834 uberrimam
702 776 950 852 explicationem,
968 797 996 852 p.
1018 779 1075 852 394
1097 799 1160 855 sqq.
1181 780 1228 835 Si-

172 875 263 929 mium
270 914 281 942 ,
302 891 363 948 quo
377 873 463 929 etiarn
472 873 595 932 *Venetae
608 869 660 932 ed..
669 880 698 926 et
712 869 777 927 cod.
797 870 919 947 Rhedig.
937 870 1079 945 scriptura
1092 891 1230 928 summum

172 966 266 1038 redit,
274 985 336 1022 non
350 984 409 1022 esse
418 965 607 1038 rejiciendum
621 963 840 1035 contenderem,
854 963 878 1019 si
890 981 1023 1020 mensura
1036 964 1150 1036 simjum
1163 967 1229 1022 Sta-

171 1058 259 1115 tianis
271 1058 408 1132 exemplis
426 1068 524 1133 posset
538 1056 663 1114 defendi.

219 1153 348 1208 Veientum
363 1149 412 1230 (v.¹
428 1147 485 1227 70).
504 1149 625 1221 Fasciis,
646 1159 680 1204 nt
700 1167 800 1206 recens
817 1161 925 1206 natum.
945 1151 1020 1208 Vide
1038 1153 1229 1222 Mennc.·Qui

170 1262 234 1318 seq.
248 1261 276 1298 v.
291 1245 538 1317 Pulsantemque...
553 1261 642 1324 cupas
655 1241 755 1298 scribit
763 1243 775 1311 ,'
791 1261 882 1316 quum
896 1243 982 1299 codd.
1001 1244 1154 1299 exhibeant
1170 1246 1229 1300 Po-

170 1347 365 1410 scientemque,
381 1334 462 1409 quod
479 1344 578 1389 tuetur
595 1331 765 1390 Wakefield.
781 1333 819 1410 ad
835 1334 965 1406 Lucret.‚
980 1355 1019 1406 11,
1035 1334 1102 1407 367.

217 1428 418 1503 Properaverit
427 1429 477 1482 ille
483 1465 494 1493 ,
506 1427 564 1483 Sed
570 1428 669 1482 merito
676 1426 854 1502 properabat
861 1467 870 1494 ,
879 1446 962 1483 amor
973 1425 1011 1506 (v.
1023 1428 1060 1500 75
1074 1427 1137 1506 sq.).
1146 1430 1229 1487 «Ob-

171 1519 265 1591 jectio
279 1529 359 1576 estet
373 1517 546 1591 objectionis
555 1518 670 1575 solutio.
684 1519 768 1576 Dicet
782 1518 886 1593 aliquis
900 1539 907 1573 :
921 1520 995 1577 Satis
1004 1520 1123 1578 festinus
1136 1521 1228 1590 fuisti,

173 1631 194 1668 o
210 1613 301 1683 Stati,
314 1613 344 1668 in
358 1631 456 1670 amore
469 1623 521 1668 tno
535 1631 604 1687 erga
615 1613 694 1668 huno
707 1630 848 1685 puerum,
861 1612 1000 1670 donando
1013 1613 1055 1669 illi
1067 1614 1227 1672 libertatern

172 1706 270 1762 adhuc
292 1706 402 1762 infanti.
417 1705 585 1780 Respondet
602 1704 708 1762 Statius
723 1725 730 1760 ε
747 1705 798 1761 sed
810 1705 915 1762 merito
928 1708 1083 1781 properavi
1097 1718 1126 1764 et
1145 1709 1227 1766 festi-

171 1817 230 1854 nus
249 1797 291 1854 sui
316 1799 346 1853 in
366 1793 505 1854 donando
526 1797 688 1853 libertatem
713 1816 777 1872 quae
799 1808 857 1854 tarn
880 1798 976 1855 brevis
995 1799 1097 1855 tuerat.
1120 1799 1227 1857 Eadem

172 1889 352 1946 constructio
370 1908 415 1964 ap.
431 1890 532 1946 Horat.
552 1890 613 1946 Sat.
628 1909 657 1959 r,
674 1906 726 1959 ro,
740 1891 778 1957 64
797 1909 861 1965 sqq.
877 1915 889 1942 ι
909 1893 1029 1947 Mem.

215 1985 385 2058 Blandoque
393 1983 457 2038 som
464 2023 474 2050 ‚
481 1981 665 2057 jamJiimque
670 1995 802 2039 natantes
813 1986 957 2040 Exercere
967 2004 1058 2060 genas
1069 1990 1106 2061 (v.
1122 1979 1162 2052 84'
1170 1979 1227 2063 sq.)

173 2076 244 2132 Haec
257 2075 321 2131 sine'
331 2094 417 2132 sensu
429 2085 505 2132 snnt.
519 2074 593 2131 Edd.
607 2087 675 2132 vett.
692 2095 757 2133 cum
774 2076 839 2133 eod.
855 2077 979 2152 Rbedig.
995 2097 1002 2132 :
1017 2095 1156 2151 excepere
1169 2099 1199 2152 g.
1218 2099 1227 2131 :
1346 2097 1349 2104 ’

161 2169 253 2224 'unde
266 2167 368 2224 Marii.
381 2168 441 2224 haec
454 2168 494 2224 ita
510 2167 657 2224 constituit
671 2189 678 2224 :
693 2169 877 2244 eBlandiqne
895 2170 973 2225 sinus
984 2170 1159 2244 jamjamque
1172 2189 1226 2226 na-

172 2272 268 2317 tantes
284 2259 428 2333 excepisse
442 2279 558 2336 genas.»
572 2263 595 2317 1.
613 2279 637 2316 e.
657 2260 736 2317 sinus
748 2260 849 2317 blandi
864 2272 946 2319 erant
959 2261 1103 2335 excepisse
1118 2267 1225 2338 genas,

171 2372 229 2427 pro
242 2351 347 2408 blande
364 2351 546 2425 excipiebant
564 2371 665 2428 genas,
685 2365 738 2410 etc.
753 2355 787 2410 In
799 2355 889 2428 'seqq.
905 2355 989 2410 Risus
1004 2373 1060 2430 pro
1075 2354 1225 2426 arrisione,

171 2464 232 2520 qna
249 2444 355 2501 arridet
369 2445 469 2501 Statio.
