3080 5136
100 437 137 496 (v.
153 434 225 500 aa.)
408 427 668 494 sumturum
691 427 806 514 ntum
828 429 853 484 1.
1106 445 1160 498 27¹

102 560 250 650 (Nonne
266 555 376 646 vides,
397 569 437 630 nt
457 570 553 630 torva
573 579 696 651 genas,
710 553 944 648 aequandaque
962 551 1108 648 fratril)

100 678 308 748 Tradimus:
329 701 424 754 arma
439 675 591 746 humeris
604 699 788 770 arcumque
807 676 958 746 animosa
978 674 1115 769 patebat

100 803 224 884 Ferre,
244 814 278 867 et
295 799 482 874 Amazonio
498 796 669 870 connubia
687 795 812 893 pellere
830 797 910 866 ritu.

101 919 169 991 Sed
184 919 269 989 mihi
290 941 452 992 curarum
471 919 552 990 satis
569 932 620 990 est
637 942 702 1012 pru
721 919 826 1012 stirpe
846 914 946 988 virili.

101 1045 182 1111 Haec
200 1038 351 1112 calathos
365 1055 402 1110 et
420 1064 515 1116 saera
533 1039 620 1116 ferat
638 1065 647 1109 ε
666 1054 705 1112 tu
725 1038 843 1134 frange
861 1035 1011 1133 regendo

101 1158 289 1232 Indocilem
311 1183 497 1256 sexumque
516 1175 610 1250 tene,
630 1159 712 1233 duur
730 1159 856 1236 nubilis
877 1175 975 1244 atas,

101 1281 358 1376 Solvendusque
375 1279 488 1376 pudor
504 1306 512 1352 ε
534 1305 618 1354 neve
634 1305 789 1356 exercere
805 1297 993 1377 protervas

103 1402 317 1497 Gymnadas,
338 1415 399 1477 aut
416 1400 531 1473 lustris
552 1425 733 1478 neruorum
748 1401 897 1476 wnuede
914 1404 1048 1498 vagari,

102 1526 200 1593 Intus
216 1521 288 1613 ale,
306 1538 341 1594 et
360 1521 485 1594 similes
506 1525 595 1596 inter
614 1522 751 1603 seclude
768 1521 909 1619 puellas.

102 1646 220 1715 Litore
236 1647 428 1742 praecipue,
447 1659 618 1744 portuque
639 1669 756 1719 arcere
772 1661 953 1718 memento.

103 1766 228 1837 Vidisti
250 1767 354 1846 modu
374 1766 449 1841 vela
465 1769 640 1863 Phrygum
659 1795 669 1840 a
688 1770 757 1865 jam
778 1783 898 1840 mutua
912 1767 989 1862 jura

102 1885 233 1958 Fallere
254 1891 461 1961 transmisse
479 1888 600 1986 pelago
620 1889 767 1966 didicere
785 1892 917 1960 carinae.
937 1921 953 1956 a
1089 1977 1093 1982 Ι

154 2009 296 2080 Accedit
314 2008 415 2082 dictis
433 2025 542 2106 pater,
558 2011 763 2108 ingenioque
780 2013 929 2107 parentis

102 2128 285 2202 Occultum
303 2132 464 2204 AEaciden
481 2131 572 2229 (quis
589 2134 717 2208 Divum
735 2133 910 2204 frauduni
926 2131 1079 2226 altsteti)

102 2251 236 2344 Accipit
254 2277 261 2320 :
282 2249 374 2324 ultro
391 2255 493 2346 etiam
509 2267 691 2328 veneratur
707 2251 859 2350 supplies
877 2252 1011 2340 denua,

36 2345 45 2366 ’
101 2375 146 2441 Et
166 2387 277 2466 grates
295 2372 422 2456 electus
443 2376 514 2470 agit
531 2401 539 2444 ε
558 2400 619 2450 nec
638 2375 739 2447 turba
757 2374 892 2470 piarum

103 2493 303 2588 Scyriadum
322 2510 431 2566 cessat
448 2497 555 2572 nimio
570 2495 715 2592 defigere
735 2496 811 2567 visu

103 2615 256 2709 Virginis
273 2639 335 2684 ora
354 2641 466 2704 nove,
487 2633 654 2712 quantum
672 2619 820 2704 casuue,
837 2617 1011 2711 comisque
1074 2625 1076 2630 '

101 2735 272 2824 Eminet,
292 2752 527 2833 quantumque
545 2739 705 2812 humeros
722 2761 762 2808 ac
780 2752 920 2834 pentura
935 2737 1066 2809 fundat.

101 2857 235 2928 Dehinc
251 2860 379 2932 sociare
395 2860 535 2948 chorus,
552 2861 721 2955 castisque
736 2859 894 2932 aueedara
910 2860 1013 2932 sacris

102 2983 308 3068 Hortantur,
330 2979 524 3075 ceduntque
542 2979 635 3069 loeo,
654 2996 689 3051 et
708 2981 905 3076 contingere
923 2980 1080 3076 gaudent.

103 3100 262 3190 Qualiter
277 3077 393 3180 Idalias
409 3101 579 3186 volucres,
595 3103 654 3174 ubi
668 3099 784 3172 mollia
801 3101 963 3196 frangunt

102 3220 245 3310 Nubila,
263 3205 496 3318 jam'lougum
514 3222 665 3317 eoeloque
684 3222 854 3318 &meque
876 3237 1039 3319 gregata,
1157 3268 1161 3278 -

104 3345 140 3414 Si
157 3345 273 3438 junxit
288 3369 437 3441 penum,
455 3344 658 3441 diversoque
675 3345 810 3440 hospita
828 3359 937 3415 traetu

102 3466 208 3536 Venit
228 3467 319 3552 avis,
336 3482 467 3542 cuncte
487 3469 636 3562 primunr
656 3468 825 3540 mirantur
842 3481 877 3538 et
895 3467 1037 3540 horrent
1055 3492 1064 3536 ε

103 3589 188 3656 Mox
206 3587 346 3682 propius
367 3589 576 3685 propiusque
592 3587 722 3679 volant,
741 3603 845 3682 atque
864 3611 941 3658 aera
960 3588 1087 3684 inipso

104 3707 271 3778 Paulatim
291 3708 535 3800 secere-suant,
554 3710 743 3805 plausuque
760 3708 909 3780 secundo

103 3830 326 3900 Circumeunt
341 3830 484 3916 hilares,
503 3847 538 3902 et
553 3830 597 3902 ad
614 3830 683 3906 atu
700 3828 824 3901 cubilia
841 3831 981 3902 ducunt.

154 3951 354 4047 Digreditur
370 3950 517 4026 muttum
535 3967 695 4024 cunctata
713 3953 749 4021 in
769 3950 885 4028 limine
904 3965 1024 4042 mater,

103 4075 197 4144 Duru
213 4075 334 4170 repetit
353 4077 519 4165 munitus,
538 4075 728 4169 meanaqire
745 4071 920 4145 murmura
938 4073 1010 4170 figit
1154 4111 1159 4120 ·
