3206 5136
152 525 191 587 (v.
205 524 279 588 ns.)
412 591 416 596 ι
490 521 705 578 rnanlmos
727 504 837 578 itam
862 523 897 575 v.
1179 511 1215 581 [ἦ

208 681 225 713 a
238 653 330 744 Ergo
349 648 472 717 iterum
485 651 618 734 Venus,
638 649 798 716 ettacitis
816 644 919 716 corda
938 667 1057 737 aspera
1074 641 1217 710 flammis

158 767 384 839 Lemniadum
399 781 570 863 pertentat
580 789 675 836 amor
691 793 699 835 :
715 781 796 835 tunc
809 768 902 862 regia
915 769 1003 834 luno

159 893 281 976 Arma,
295 888 496 980 habitusque
509 889 637 973 virum,
651 885 865 982 pulchraeque
877 887 1021 980 insignia
1035 885 1142 979 gentis

160 1009 334 1078 Mentibus
349 1008 511 1093 insinuat,
527 1009 745 1100 certatimque
759 1007 878 1077 ordine
892 1021 1020 1076 cuncte

161 1129 360 1223 Hospitibus
380 1141 517 1221 patuere
535 1125 623 1196 fores
642 1154 650 1194 ε
672 1142 753 1196 tunc
771 1129 899 1221 primus
918 1128 951 1195 in
971 1127 1037 1194 aris
1075 1105 1078 1110 ¹

163 1250 272 1342 Ignis,
289 1263 324 1316 et
338 1246 486 1316 infandis
500 1273 623 1317 venere
639 1246 763 1316 oblivia
780 1249 868 1318 curis
884 1274 892 1316 :

163 1371 262 1437 Tunc
281 1366 405 1462 epulae,
425 1367 568 1460 felixque
585 1391 703 1460 sopor,
724 1383 904 1460 noctesque
920 1367 1065 1460 quiete:

165 1493 239 1561 Nec
254 1492 421 1583 Superum
435 1490 507 1556 sine
521 1503 647 1576 mente,
664 1513 755 1577 reor,
771 1488 925 1582 placuere
940 1487 1090 1556 fatentes.

218 1639 235 1674 α
250 1610 403 1678 Forsitan
423 1623 455 1676 et
474 1623 596 1677 nostrae
615 1589 721 1677 fatum
740 1606 927 1678 excusabile
946 1606 1053 1702 culpae

166 1729 314 1802 Noscere
329 1753 427 1812 cura,
443 1728 544 1796 duces
560 1753 568 1795 ε
584 1729 745 1817 cinerem,
763 1727 933 1822 furiasque
947 1719 1112 1797 meorum

166 1855 301 1937 Testor,
316 1864 355 1918 ut
366 1845 521 1918 'externas
534 1873 603 1918 uon
615 1864 734 1943 sponte
749 1864 807 1919 aut
819 1851 959 1919 crimine
971 1849 1072 1918 taedas

167 1970 362 2066 Attigerim3
376 1971 438 2038 scit
450 1994 532 2039 cura
543 1973 667 2059 Deum,
680 1970 740 2040 etsi
754 1969 897 2040 blandus
909 1975 1008 2040 lason
1083 2041 1085 2048 ,

167 2091 367 2186 Virginibus
381 2088 461 2159 dare
474 2087 586 2160 vincla
600 2091 696 2161 novis
711 2116 719 2158 ε
736 2115 797 2159 sua
807 2091 884 2184 jura
901 2105 1077 2190 cruentum

170 2210 293 2280 Phasin
311 2210 460 2288 habent:
478 2209 576 2298 alios,
591 2209 727 2298 Colchi,
741 2212 908 2306 generatis
922 2235 1062 2280 amores.
1082 2201 1085 2206 Δ

220 2361 237 2395 ι(
249 2335 390 2425 Jamque
408 2345 509 2401 exuta
529 2330 604 2426 gelu
624 2346 802 2425 tepuerunt
816 2331 925 2401 sidera
941 2330 1048 2426 longis

172 2451 323 2539 Solibus,
338 2466 373 2521 et
386 2451 484 2520 velox
498 2453 533 2520 in
547 2466 641 2546 terga
654 2451 837 2521 revolvitur
850 2478 983 2522 aunusr

171 2578 246 2643 Jam
267 2597 355 2640 nova
372 2575 566 2669 progenies,
583 2588 766 2667 partusque
786 2575 820 2643 in
838 2589 917 2644 vota
936 2570 1055 2660 soluti,

176 2697 219 2762 Et
236 2717 304 2761 non
323 2695 464 2787 speratis
482 2695 627 2762 Lemnos
645 2691 810 2764 clamatur
827 2694 982 2764 alumnis.

173 2815 331 2884 Necnon
349 2815 423 2906 ipsa
441 2827 572 2914 tamen,
591 2812 729 2884 thalami
747 2830 964 2884 monumenta
981 2812 1106 2901 coacti,

176 2937 297 3004 Enitor
314 2935 484 3027 geminos,
503 2927 656 3028 dur‘oque
673 2935 734 3004 sub
753 2937 884 3031 hospite
901 2952 1009 3006 mater

176 3056 309 3124 Nomen
327 3055 381 3122 avi
400 3078 526 3124 renovo
544 3079 552 3121 ε
572 3079 635 3123 nec
651 3081 726 3149 quae
743 3055 880 3126 fortuna
898 3054 1022 3126 relictis

177 3177 285 3244 Nosse
303 3173 420 3244 datum
438 3201 446 3242 :
461 3175 532 3269 jam
549 3173 648 3270 plena
666 3190 785 3270 quater
802 3178 1031 3274 quinquennia
1045 3186 1207 3270 pergunt,

178 3295 214 3363 si
232 3294 333 3363 modo
350 3293 419 3362 fata
438 3295 569 3383 sinunt,
587 3293 737 3390 aluitque
753 3311 872 3392 rogata
889 3300 1038 3391 Lycaste.

227 3444 244 3478 a
256 3417 461 3484 Detumuere
480 3416 582 3484 animi
604 3419 724 3504 maris,
746 3432 780 3486 et
796 3416 991 3487 clementior
1008 3420 1128 3487 Auster

179 3531 263 3602 Vela
282 3548 403 3602 vocat:
422 3535 503 3604 ratis
521 3536 741 3629 ipnnoram
759 3552 944 3633 portusque
961 3539 1092 3631 quietos

180 3653 281 3740 Odit,
300 3668 334 3721 et
351 3657 472 3724 assueti
490 3657 597 3726 tendit
615 3656 800 3728 retinacula
813 3649 899 3728 sari.

181 3772 263 3843 lude
283 3773 397 3868 fugam
414 3777 558 3870 lllinyae,
580 3775 753 3872 sociosque
765 3778 923 3875 ‘appellat
940 3783 1038 3849 Iason

180 3891 334 3981 Efferus,
352 3919 373 3962 o
393 3896 520 3964 utinam
537 3897 608 3990 jam
628 3912 699 3967 tum
715 3923 790 3968 mea
808 3898 908 3968 litora
926 3903 1024 3970 rectis

180 4016 420 4082 Praetervectus
438 4019 552 4109 aquis,
570 4019 625 4087 cui
644 4044 713 4120 uon
732 4046 792 4090 sua
810 4023 953 4116 pig-nora
972 4018 1086 4106 cordi,

180 4133 258 4201 Non
275 4134 439 4226 promissa
458 4134 541 4206 fides
561 4161 568 4205 :
589 4153 678 4208 certe
696 4155 762 4211 stat
779 4140 867 4210 fama
885 4142 1022 4222 remotis
