3156 5138
385 423 442 462 tao
728 405 759 458 Ρ.
781 402 905 466 PUBLn
926 401 1051 458 S'rATss
1334 399 1428 462 (caol

382 528 478 598 Mille
497 528 545 597 ibi
565 539 645 598 tunc
665 529 791 622 species
810 529 951 620 aerisquc
971 526 1147 620 eborisque
1167 524 1311 614 vetusti,

382 653 495 743 Atque
516 646 687 717 locuturas
707 648 850 716 mentito
869 670 1010 742 corpore
1029 669 1122 716 ceras
1170 693 1176 702 „

383 767 513 838 Edidici
535 794 543 836 ι
564 769 640 862 quis
659 791 805 862 namque
824 765 930 837 oculis
952 768 1132 837 certaverit
1151 789 1293 860 usquam

383 887 554 976 Vindicis,
575 887 740 958 artificum
760 903 888 958 veteres
908 911 1111 984 cognoscere
1131 886 1274 975 ductus,

383 1010 428 1078 Et
449 1032 517 1078 non
537 1008 706 1104 inscriptis
726 1023 898 1079 auctorem
919 1009 1060 1079 reddere
1080 1008 1206 1106 signis?

384 1129 447 1198 Hic
466 1129 527 1197 tibi
546 1153 621 1224 quae
640 1127 742 1199 docto
762 1129 908 1212 multum
928 1129 1066 1226 vigilata
1085 1131 1222 1227 Myroni

384 1251 479 1339 AEra,
499 1246 670 1320 laboriferi
689 1251 803 1320 vivant
825 1276 898 1344 quae
918 1276 1086 1322 marmora
1107 1253 1188 1323 caelo

383 1369 576 1458 Praxitelis,
592 1369 684 1465 quod
697 1371 781 1442 ebur
796 1373 900 1442 Pisaeo
917 1370 1037 1467 pollice
1053 1399 1186 1464 rasum,

383 1489 488 1578 Quod
506 1489 704 1585 Polycleteis
720 1492 852 1586 jussum
873 1480 924 1562 est
943 1495 1071 1588 spirare
1090 1497 1249 1585 caminis,

383 1611 490 1680 Linea
508 1637 584 1705 quae
602 1627 749 1683 veterem
768 1611 868 1708 longe
888 1613 1032 1684 fateatur
1050 1614 1226 1710 Apellem,

383 1729 587 1802 Monstrabit
609 1759 617 1802 :
640 1757 785 1826 namque
803 1733 894 1822 baec,
916 1736 1047 1827 quoties
1067 1735 1187 1832 chelyn
1208 1739 1317 1806 exsuit
1338 1735 1407 1822 ille,

384 1851 521 1922 Desidia
539 1865 609 1940 est;
628 1855 684 1946 hic
703 1855 818 1924 Aoniis
839 1839 935 1924 amor
954 1872 1073 1926 avocat
1092 1859 1207 1927 antris.

433 1976 512 2052 Haec
532 1974 636 2064 inter,
657 1989 755 2068 castae
774 1976 903 2044 Genius
923 1976 1095 2071 tutelaque
1114 2003 1237 2048 mensae

386 2089 723 2190 Amphitryoniades,
744 2093 853 2166 multo
872 2121 947 2172 mea
968 2100 1055 2192 cepit
1075 2120 1189 2168 amore

385 2215 547 2316 Pectora,
567 2240 630 2286 nec
650 2214 752 2312 longo
773 2218 903 2288 satiavit
922 2215 1050 2288 lumina
1072 2219 1171 2289 visu:

386 2339 514 2418 Tantus
534 2336 642 2406 honos
657 2337 775 2432 operi,
795 2335 943 2432 finesque
964 2337 1092 2408 inclusa
1107 2365 1168 2433 per
1183 2354 1295 2411 arctos

382 2453 564 2551 ¹Majestasl
586 2460 678 2526 Deus
698 2456 771 2544 ille,
790 2461 902 2545 Deus;
924 2483 1061 2553 seseque
1081 2458 1262 2530 videndum

387 2573 550 2664 Indulsit,
569 2577 714 2670 Lysippc
726 2629 736 2665 ,
757 2577 840 2664 tibi,
861 2601 1051 2673 parvusque
1071 2577 1178 2648 videri

390 2697 582 2790 sentirique
600 2697 718 2791 ingens
737 2722 744 2764 :
762 2710 794 2766 et
814 2721 918 2791 quum
938 2681 1100 2782 mirabilis
1116 2699 1205 2767 intra

389 2820 464 2888 Stet
483 2840 639 2886 mensura
660 2816 798 2912 pedem,
820 2833 932 2887 tamen
953 2816 1138 2888 exclamare
1158 2818 1296 2906 libebit,

390 2940 425 3010 si
443 2939 534 3009 visus
556 2964 617 3033 per
635 2939 784 3022 membra
805 2937 911 3028 feras,
931 2943 1032 3009 «Hoc
1052 2955 1186 3051 pectore
1202 2964 1334 3046 pressus

390 3063 548 3132 Vastator
568 3061 729 3148 Nemees3
749 3059 820 3129 haeo
840 3057 972 3146 exitiale
992 3059 1144 3134 ferebant
1305 3149 1308 3154 Ι

391 3182 525 3271 Robur,
543 3196 577 3251 et
596 3183 725 3291 Argoos
746 3181 945 3276 frangebant
963 3180 1098 3250 brachia
1120 3205 1239 3260 remos,

391 3307 464 3374 Hoc
484 3303 591 3399 spatio
613 3318 682 3372 tam
701 3327 824 3398 magna
841 3302 935 3388 brevi
952 3299 1124 3372 mendacia
1139 3299 1271 3370 formael

392 3425 479 3513 Quis
499 3424 619 3495 modus
639 3425 674 3514 in
695 3422 832 3512 dextra,
852 3437 978 3521 quante
999 3422 1202 3522 experientia
1223 3421 1314 3506 docti

393 3543 544 3616 Artificis
561 3545 671 3634 curis,
692 3545 817 3640 pariter
834 3544 1018 3638 gestamina
1037 3523 1159 3612 mensae

393 3665 552 3760 Fingere,
574 3681 608 3742 et
627 3666 780 3762 ingentes
799 3665 914 3734 animo
934 3687 1067 3734 versare
1087 3661 1249 3733 colossos!

394 3783 474 3855 Tale
493 3810 555 3855 nec
574 3784 669 3855 Idaeis
690 3784 874 3886 quidquam
893 3782 1070 3870 Telchines
1091 3784 1126 3851 in
1147 3783 1272 3869 antris,

395 3907 467 3976 Neo
484 3902 608 3975 solidus
628 3909 788 3992 Brontes,
805 3929 867 3980 nec
887 3904 945 3999 qui
964 3901 1050 4016 polit
1064 3928 1157 3984 arma
1173 3906 1322 3971 Deorum

395 4025 575 4114 Lemnius,
595 4026 714 4121 exigua
734 4005 1030 4120 potuissetludere
1049 4047 1196 4094 massa.»
