3200 5142
137 534 178 591 (v.
192 531 247 595 at.)
470 525 683 583 utmetmos
703 527 812 583 Lmen
833 527 871 582 u.
1144 526 1198 602 ¹9³

137 657 226 724 Heu
244 653 359 724 dulces
380 653 491 721 visure
509 650 621 746 polos,
641 649 813 744 solemque
833 650 1002 738 relictum,

140 777 195 843 Et
212 771 336 843 virides
356 786 477 861 terras,
495 787 530 841 et
545 793 650 865 puros
667 771 817 840 fontibus
833 793 967 858 amnes3
1039 757 1043 764 ¹

137 894 293 962 Tristior
306 885 367 961 bas
384 892 506 962 iterum
525 905 636 960 tamen
652 889 818 962 intrature
833 893 1024 962 tenebras.»

195 1011 277 1082 Illos
296 1028 335 1082 ut
354 1033 441 1082 caeco
458 1013 623 1082 recubans
641 1013 676 1082 in
695 1010 810 1082 limine
827 1015 930 1084 sensit

139 1134 330 1222 Cerberus,
350 1147 450 1227 atque
468 1157 584 1202 omnes
602 1134 750 1227 capitum
770 1135 915 1203 surrexit
929 1134 1054 1220 hiatus;

142 1256 265 1324 Saevus
283 1267 318 1322 et
336 1253 477 1322 intranti
498 1252 650 1348 populo:
666 1254 737 1348 jam
757 1255 854 1349 nigra
871 1254 1022 1327 tumebat
1124 1255 1129 1262 '

141 1371 247 1446 Colla
265 1374 395 1461 minax,
413 1374 484 1468 jam
503 1399 616 1469 sparsa
635 1372 707 1444 solo
727 1373 921 1444 turbaverat
936 1399 1031 1464 ossa,

142 1496 197 1568 Ni
217 1497 309 1566 Deus
324 1494 516 1566 horrentem
533 1497 669 1566 lethaeo
685 1497 810 1566 vimine
828 1493 976 1566 mulcens

144 1621 271 1686 Ferrea
288 1617 474 1710 tergemino
493 1615 675 1685 domuisset
692 1613 820 1686 lumina
838 1640 965 1686 somno.

199 1741 258 1807 Fst
274 1735 382 1824 locus,
398 1721 544 1806 lnacbiae
561 1735 719 1806 dixerunt
735 1735 875 1806 Tenar'a
893 1753 1022 1832 gentes,

145 1855 463 1948 Qua'formidatum
477 1855 595 1926 Maleae
613 1858 801 1951 spumantis
817 1859 852 1926 in
871 1857 982 1926 auras¹

146 1982 184 2047 It
202 1991 321 2072 caput,
339 1991 373 2046 et
388 1975 499 2046 nullos
516 1976 665 2046 admittit
685 1975 833 2047 culmine
847 1979 948 2047 visus.

148 2101 224 2167 Stat
242 2091 394 2166 sublimis
407 2121 507 2191 apex,
526 2112 709 2192 ventosque
727 2099 919 2194 imbresque
936 2123 1071 2169 serenus

148 2217 319 2313 Despicit,
338 2231 371 2286 et
390 2231 521 2286 tantum
541 2219 635 2288 fessis
654 2219 811 2289 insiditur
828 2223 934 2290 astris.

148 2337 226 2408 Illic
243 2337 394 2407 exhausti
412 2337 552 2433 posuere
568 2338 692 2410 cubilia
710 2342 825 2410 venti:

149 2458 428 2554 Fulminibusque
447 2460 511 2530 iter
529 2473 577 2528 est
595 2484 603 2528 :
622 2459 770 2530 medium
788 2485 869 2532 cava
889 2460 1004 2532 nubila
1022 2461 1147 2535 montis

151 2585 366 2676 insumpsere
387 2577 474 2649 latus
486 2605 494 2648 :
507 2603 656 2650 summos
675 2605 737 2652 uec
754 2587 908 2680 praepetis
922 2584 982 2655 nite

149 2700 291 2770 Plausus
306 2701 377 2770 adit
394 2698 512 2788 colles,
530 2723 594 2770 nec
611 2725 712 2773 rauca
729 2705 878 2774 tonitrua
898 2704 1044 2800 pulsant.

150 2825 214 2891 Ast
231 2821 288 2892 ubi
306 2845 412 2916 prona
431 2819 519 2906 dies,
538 2819 657 2918 longos
672 2845 773 2918 super
793 2847 927 2919 aequora
943 2825 1025 2894 flues

151 2942 285 3040 Exigit,
304 2955 404 3038 atque
423 2943 542 3038 ingens
556 2941 670 3012 medio
685 2959 780 3014 natat
797 2945 916 3014 umbra
934 2943 1128 3039 profundos
1172 3001 1174 3005 .

203 3065 367 3134 luteriore
384 3064 461 3132 sinu
486 3063 675 3158 &angentia
693 3063 791 3134 litora
809 3080 928 3134 curvat

154 3189 330 3274 Taenaros,
348 3186 515 3280 expositos
534 3208 602 3254 non
620 3185 730 3255 audax
749 3185 910 3256 scandere
927 3186 1058 3256 fluctus

155 3305 228 3376 Illic
246 3308 357 3401 AEgaeo
375 3307 557 3400 Neptunus
571 3307 705 3400 gurgite
722 3306 824 3376 fessos

154 3430 193 3495 ln
214 3441 347 3521 portum
366 3421 502 3494 deducit
518 3445 622 3519 equos
638 3452 646 3494 :
665 3428 759 3522 prior
779 3428 892 3497 haurit
910 3419 1028 3498 arenas

154 3543 310 3640 Ungula;
328 3543 488 3640 postremi
509 3542 685 3616 solvuntur
700 3548 736 3614 in
757 3568 891 3641 equora
907 3549 1023 3642 pisces
1066 3545 1070 3556 '

154 3669 247 3755 Hoc,
265 3680 303 3734 ut
319 3665 422 3752 fama,
440 3659 517 3736 loco
534 3664 696 3760 pallentes
716 3666 833 3738 devius
853 3663 987 3737 umbrat

101 3831 105 3838 -
154 3789 290 3857 Trames
307 3785 392 3880 agit,
412 3786 569 3882 nigrique
587 3788 678 3856 Jovis·
694 3807 798 3856 vacua
816 3783 900 3857 atria
916 3787 1002 3860 ditat
1049 3787 1051 3792 ’
1171 3791 1182 3802 ”

152 3906 344 3976 Mortibus:
363 3903 495 3978 Arcadii
514 3907 693 4001 perbibent
709 3908 737 3975 si
756 3929 834 3977 vera
850 3907 978 3996 coloni,
1073 3907 1076 3918 ’
1109 3963 1117 3974 .
1171 3941 1175 3948 Δ

153 4027 283 4097 Stridor
299 4029 364 4118 ibi,
385 4043 419 4098 et
436 4031 581 4124 gemitus
598 4047 792 4124 poeuarttm,
808 4025 948 4125 auoque
963 4036 1111 4102 tumultu

154 4151 276 4217 Fervet
292 4173 374 4242 ager
391 4176 399 4218 :
416 4169 502 4243 saepe
520 4149 746 4221 Eumenidum
763 4175 944 4246 vocesque,
960 4155 1178 4250 manusque(

999 4274 1052 4344 ¹3.
