3094 5140
397 422 453 498 ¹9⁸
710 419 924 478 atanasmos
946 418 1059 476 unua
1080 419 1117 476 x.
1350 420 1464 484 (··7tt.)

393 551 495 618 Nunc
511 545 663 640 jaculum
684 569 824 617 excusso
838 561 930 616 rotat
951 545 987 614 in
1006 543 1151 616 sublime
1167 543 1317 632 lacerto,

390 667 561 762 Nullaque
576 681 741 739 tectorum
760 667 852 736 subit
872 666 916 736 ad
937 665 1092 762 fastigia,
1117 687 1191 760 quse
1206 691 1278 737 non

389 791 524 862 Deferat
543 789 639 860 haste
659 790 788 878 virum,
812 789 1014 884 perfusaque
1030 787 1120 859 caede
1138 807 1302 862 recurrat.

391 917 462 984 Nec
477 915 547 1009 jam
564 929 623 982 aut
640 911 809 1006 Tydeum,
830 927 890 982 aut
906 912 1180 1007 Hippomedonta
1198 927 1422 1008 peremptos,

388 1042 456 1109 Aut
473 1049 586 1104 vatem
602 1032 748 1128 Pelopea
767 1031 932 1127 phalanx,
951 1047 1010 1104 aut
1026 1032 1159 1104 hunda
1176 1033 1324 1104 eredunt
1345 1061 1356 1102 :

387 1158 482 1248 Quin
501 1157 629 1228 socium
646 1156 767 1258 ¹coiisse
784 1157 929 1242 animas,
947 1169 982 1226 et
997 1179 1140 1250 corpore
1158 1155 1194 1227 in
1214 1179 1286 1224 uno

386 1282 481 1350 Stare
497 1303 639 1349 omnes:
660 1278 706 1347 ita
723 1291 845 1346 cuncta
862 1273 993 1372 replet:
1013 1301 1082 1346 non
1100 1274 1202 1346 ullius
1218 1289 1316 1360 aetas,

386 1401 465 1470 Non
481 1397 608 1486 cultus,
625 1423 695 1470 non
716 1397 824 1468 forma
842 1411 980 1468 movet:
1002 1398 1235 1492 pugnantibus
1250 1399 1363 1484 idern,

384 1519 667 1617 Supplieibusque
685 1519 768 1591 furit
794 1545 802 1588 :
828 1543 896 1590 non
925 1520 1102 1613 quisquam
1122 1519 1286 1590 obsistere
1303 1536 1451 1605 eontra,

383 1643 462 1712 Non
483 1639 563 1712 belii
580 1655 710 1712 tentare
731 1641 819 1710 viere
838 1665 846 1709 :
865 1639 983 1734 procul
1003 1664 1096 1710 arma
1115 1639 1276 1726 furentis,

382 1761 629 1856 Terribilesque
642 1761 760 1855 jubas,
781 1775 815 1831 et
835 1760 981 1832 frontem
1001 1759 1138 1832 cassidis
1157 1761 1309 1832 honent.

434 1887 476 1954 tr
493 1885 569 1978 pius
585 1881 690 1954 electa
707 1907 885 1956 murorum
904 1883 940 1952 iu
961 1896 1056 1982 parte
1075 1885 1291 1970 Menoeceus,

381 2009 454 2074 Jam
475 2029 568 2076 sacer
587 2003 747 2099 adspectu
763 2002 931 2098 solitoque
947 2005 1124 2099 augustior
1141 2029 1217 2091 ore,

382 2130 453 2198 Ceu
474 2127 586 2198 subito
606 2127 640 2196 in
660 2140 764 2196 terras
784 2150 907 2220 supere
926 2123 1089 2198 demissus
1107 2124 1150 2196 ab
1165 2149 1240 2210 axe,

380 2249 558 2336 Constitit,
579 2263 733 2343 exempta
751 2248 950 2318 manifestus
970 2246 1097 2316 casside
1118 2248 1229 2330 nosci,

380 2371 608 2465 Despexitque
626 2371 714 2440 acies
733 2370 929 2454 hominum,
948 2383 982 2438 et
1001 2367 1148 2440 claruere
1167 2369 1337 2462 profundo

380 2493 556 2562 Convertit
572 2515 751 2587 campum,
766 2490 933 2586 jussitque
953 2490 1084 2561 silentia
1100 2488 1199 2560 bello.

428 2615 642 2684 «Armorum
662 2613 800 2706 Superi,
818 2626 923 2706 tuque
941 2637 964 2682 o
976 2614 1035 2706 qui
1051 2612 1168 2684 sunere
1183 2627 1277 2683 tuoto

379 2733 538 2830 Indulges
555 2734 653 2820 mihi,
671 2733 812 2821 Phoebe,
832 2735 932 2820 mori,
952 2731 1029 2804 date
1045 2732 1168 2830 gaudia
1185 2734 1327 2822 Thebis,
1407 2793 1411 2798 .

377 2857 465 2946 Quae
482 2855 617 2950 pepigi,
635 2868 668 2924 et
688 2867 761 2925 toto
779 2875 854 2948 quaa
872 2855 1036 2950 sanguine
1049 2854 1211 2951 prodigus
1226 2857 1303 2926 emi.

379 2977 476 3046 Ferte
494 2990 586 3048 retro
602 2972 749 3062 bellum,
766 2990 938 3070 captaque
958 2975 1136 3070 impingite
1153 2979 1269 3046 Lerne

377 3095 560 3191 Relliquias
575 3111 711 3192 turpes,
729 3095 929 3191 confixaque
944 3111 1041 3191 terga
1056 3096 1205 3168 foventes

377 3218 521 3288 inachus
537 3218 710 3289 indecores
727 3231 824 3312 pater
839 3231 1013 3288 aversetur
1027 3216 1192 3290 alumnos.

381 3343 420 3408 tt
436 3339 547 3434 Tyriis
565 3335 710 3433 templa,
729 3363 826 3424 srva,
843 3337 977 3426 domos,
994 3340 1181 3428 connubia,
1201 3355 1295 3410 natos

375 3457 519 3527 Reddite
536 3473 645 3530 morte
658 3485 732 3532 mea
750 3485 758 3528 τ
778 3461 882 3531 sivos
899 3459 1031 3556 placida
1048 3461 1158 3534 hostia
1169 3463 1257 3556 juvi,

374 3581 408 3649 Si
428 3605 497 3650 non
510 3583 663 3652 attonitis
681 3584 766 3652 vatis
785 3579 939 3654 consulta
956 3585 1068 3679 recepi

374 3703 538 3790 Auribus,
557 3717 591 3772 et
605 3704 731 3774 Thebis
749 3703 902 3776 nondum
920 3705 1137 3781 medentibus
1154 3706 1269 3793 hausi,

374 3826 452 3892 Haec
470 3824 685 3919 Amphioniis
706 3850 768 3919 pro
786 3849 839 3894 nae
852 3823 1033 3920 persolvite
1050 3827 1169 3915 terris,

373 3945 421 4013 Ac
438 3945 519 4013 mihi
540 3943 734 4040 deceptum,
752 3971 884 4041 precor,
902 3962 1039 4018 exorate
1056 3965 1269 4042 parentem.»

424 4067 478 4136 Sic
496 4069 557 4156 ait,
577 4067 808 4162 insignemque
826 4070 974 4139 animani
990 4095 1152 4140 mucrone
1170 4095 1310 4142 corusoo
