<?xml version="1.0" encoding="UTF-8"?>
<!DOCTYPE html PUBLIC "-//W3C//DTD XHTML 1.0 Transitional//EN"
    "http://www.w3.org/TR/xhtml1/DTD/xhtml1-transitional.dtd">
<html xmlns="http://www.w3.org/1999/xhtml" xml:lang="en" lang="en">
 <head>
  <title>
</title>
<meta http-equiv="Content-Type" content="text/html;charset=utf-8" />
  <meta name='ocr-system' content='tesseract 3.04.00' />
  <meta name='ocr-capabilities' content='ocr_page ocr_carea ocr_par ocr_line ocrx_word'/>
</head>
<body>
  <div class='ocr_page' id='page_1' title='image "./operaquaeextant00dbgoog_0464.png"; bbox 0 0 3172 5142; ppageno 0'>
   <div class='ocr_carea' id='block_1_1' title="bbox 140 473 1192 542">
    <p class='ocr_par' dir='ltr' id='par_1_1' title="bbox 140 473 1192 542">
     <span class='ocr_line' id='line_1_1' title="bbox 140 473 1192 542; baseline -0.01 -5"><span class='ocrx_word' id='word_1_1' title='bbox 140 477 257 542; x_wconf 60' lang='lat' dir='ltr'><strong>(tt-²⁰54</strong></span> <span class='ocrx_word' id='word_1_2' title='bbox 440 473 654 532; x_wconf 64' lang='lat' dir='ltr'><strong>enatemus</strong></span> <span class='ocrx_word' id='word_1_3' title='bbox 676 473 787 532; x_wconf 76' lang='lat' dir='ltr'><strong>munt</strong></span> <span class='ocrx_word' id='word_1_4' title='bbox 809 474 893 530; x_wconf 87' lang='lat' dir='ltr'>vl11.</span> <span class='ocrx_word' id='word_1_5' title='bbox 1139 473 1192 528; x_wconf 76' lang='lat'><strong>123</strong></span> 
     </span>
    </p>
   </div>
   <div class='ocr_carea' id='block_1_2' title="bbox 130 597 1186 4187">
    <p class='ocr_par' dir='ltr' id='par_1_2' title="bbox 137 597 1122 934">
     <span class='ocr_line' id='line_1_2' title="bbox 138 597 961 688; baseline -0.002 -20"><span class='ocrx_word' id='word_1_6' title='bbox 138 603 319 688; x_wconf 77' lang='lat' dir='ltr'><strong>Pracinet,</strong></span> <span class='ocrx_word' id='word_1_7' title='bbox 341 615 374 669; x_wconf 87' lang='lat' dir='ltr'><strong>et</strong></span> <span class='ocrx_word' id='word_1_8' title='bbox 393 597 486 670; x_wconf 90' lang='lat' dir='ltr'><strong>nulla</strong></span> <span class='ocrx_word' id='word_1_9' title='bbox 504 598 668 670; x_wconf 78' lang='lat' dir='ltr'><strong>ferientur</strong></span> <span class='ocrx_word' id='word_1_10' title='bbox 684 600 727 670; x_wconf 90' lang='lat' dir='ltr'><strong>ab</strong></span> <span class='ocrx_word' id='word_1_11' title='bbox 745 598 825 670; x_wconf 86' lang='lat' dir='ltr'><strong>alite</strong></span> <span class='ocrx_word' id='word_1_12' title='bbox 843 599 961 669; x_wconf 87' lang='lat' dir='ltr'><strong>nubes.</strong></span> 
     </span>
     <span class='ocr_line' id='line_1_3' title="bbox 137 718 1063 815; baseline 0.001 -29"><span class='ocrx_word' id='word_1_13' title='bbox 137 723 280 814; x_wconf 88' lang='lat' dir='ltr'><strong>Jamque</strong></span> <span class='ocrx_word' id='word_1_14' title='bbox 300 722 363 790; x_wconf 87' lang='lat' dir='ltr'><strong>erit</strong></span> <span class='ocrx_word' id='word_1_15' title='bbox 381 719 436 791; x_wconf 88' lang='lat' dir='ltr'><strong>ille</strong></span> <span class='ocrx_word' id='word_1_16' title='bbox 454 719 542 809; x_wconf 89' lang='lat' dir='ltr'><strong>dies,</strong></span> <span class='ocrx_word' id='word_1_17' title='bbox 562 746 630 814; x_wconf 90' lang='lat' dir='ltr'><strong>quo</strong></span> <span class='ocrx_word' id='word_1_18' title='bbox 650 735 683 790; x_wconf 91' lang='lat' dir='ltr'><strong>te</strong></span> <span class='ocrx_word' id='word_1_19' title='bbox 700 743 835 815; x_wconf 91' lang='lat' dir='ltr'><strong>quoque</strong></span> <span class='ocrx_word' id='word_1_20' title='bbox 854 718 987 790; x_wconf 78' lang='lat' dir='ltr'><strong>conscia</strong></span> <span class='ocrx_word' id='word_1_21' title='bbox 1004 718 1063 788; x_wconf 87' lang='lat' dir='ltr'><strong>fati</strong></span> 
     </span>
     <span class='ocr_line' id='line_1_4' title="bbox 137 837 1122 934; baseline -0.003 -27"><span class='ocrx_word' id='word_1_22' title='bbox 137 837 281 934; x_wconf 79' lang='lat' dir='ltr'><strong>Templa</strong></span> <span class='ocrx_word' id='word_1_23' title='bbox 299 840 431 930; x_wconf 78' lang='lat' dir='ltr'>colant,</span> <span class='ocrx_word' id='word_1_24' title='bbox 449 840 635 934; x_wconf 89' lang='lat' dir='ltr'><strong>reddatque</strong></span> <span class='ocrx_word' id='word_1_25' title='bbox 650 855 729 910; x_wconf 86' lang='lat' dir='ltr'><strong>tuus</strong></span> <span class='ocrx_word' id='word_1_26' title='bbox 747 864 907 934; x_wconf 83' lang='lat' dir='ltr'><strong>responsa</strong></span> <span class='ocrx_word' id='word_1_27' title='bbox 926 838 1122 910; x_wconf 70' lang='lat' dir='ltr'><strong>sacerdos.»</strong></span> 
     </span>
    </p>

    <p class='ocr_par' dir='ltr' id='par_1_3' title="bbox 189 958 914 1057">
     <span class='ocr_line' id='line_1_5' title="bbox 189 958 914 1057; baseline -0.003 -27"><span class='ocrx_word' id='word_1_28' title='bbox 189 960 283 1030; x_wconf 90' lang='lat' dir='ltr'><strong>Talia</strong></span> <span class='ocrx_word' id='word_1_29' title='bbox 300 960 437 1030; x_wconf 80' lang='lat' dir='ltr'><strong>fatidico</strong></span> <span class='ocrx_word' id='word_1_30' title='bbox 456 976 622 1057; x_wconf 77' lang='lat' dir='ltr'><strong>peragunt</strong></span> <span class='ocrx_word' id='word_1_31' title='bbox 636 958 808 1032; x_wconf 78' lang='lat' dir='ltr'><strong>sollemnia</strong></span> <span class='ocrx_word' id='word_1_32' title='bbox 827 961 914 1056; x_wconf 79' lang='lat' dir='ltr'><strong>regi,</strong></span> 
     </span>
    </p>

    <p class='ocr_par' dir='ltr' id='par_1_4' title="bbox 134 1080 1082 1777">
     <span class='ocr_line' id='line_1_6' title="bbox 136 1080 1082 1178; baseline -0.002 -26"><span class='ocrx_word' id='word_1_33' title='bbox 136 1085 210 1152; x_wconf 82' lang='lat' dir='ltr'><strong>Ceu</strong></span> <span class='ocrx_word' id='word_1_34' title='bbox 228 1082 395 1168; x_wconf 86' lang='lat' dir='ltr'><strong>llamrnas,</strong></span> <span class='ocrx_word' id='word_1_35' title='bbox 414 1107 454 1152; x_wconf 90' lang='lat' dir='ltr'><strong>ac</strong></span> <span class='ocrx_word' id='word_1_36' title='bbox 472 1082 560 1152; x_wconf 79' lang='lat' dir='ltr'><strong>dona</strong></span> <span class='ocrx_word' id='word_1_37' title='bbox 578 1106 681 1178; x_wconf 84' lang='lat' dir='ltr'><strong>rogo,</strong></span> <span class='ocrx_word' id='word_1_38' title='bbox 698 1082 879 1174; x_wconf 73' lang='lat' dir='ltr'><strong>tristesque</strong></span> <span class='ocrx_word' id='word_1_39' title='bbox 896 1080 1082 1176; x_wconf 76' lang='lat' dir='ltr'><strong>rependant</strong></span> 
     </span>
     <span class='ocr_line' id='line_1_7' title="bbox 135 1199 1014 1296; baseline -0.003 -24"><span class='ocrx_word' id='word_1_40' title='bbox 135 1203 338 1295; x_wconf 81' lang='lat' dir='ltr'><strong>Exsequias,</strong></span> <span class='ocrx_word' id='word_1_41' title='bbox 357 1200 517 1296; x_wconf 90' lang='lat' dir='ltr'><strong>mollique</strong></span> <span class='ocrx_word' id='word_1_42' title='bbox 534 1203 681 1272; x_wconf 78' lang='lat' dir='ltr'><strong>ammam</strong></span> <span class='ocrx_word' id='word_1_43' title='bbox 699 1199 822 1272; x_wconf 87' lang='lat' dir='ltr'><strong>tellure</strong></span> <span class='ocrx_word' id='word_1_44' title='bbox 838 1216 1014 1296; x_wconf 89' lang='lat' dir='ltr'><strong>reponant.</strong></span> 
     </span>
     <span class='ocr_line' id='line_1_8' title="bbox 134 1303 1036 1420; baseline 0 -30"><span class='ocrx_word' id='word_1_45' title='bbox 134 1325 257 1392; x_wconf 89' lang='lat' dir='ltr'><strong>Fracta</strong></span> <span class='ocrx_word' id='word_1_46' title='bbox 274 1322 400 1420; x_wconf 73' lang='lat' dir='ltr'><strong>dehinc⁴</strong></span> <span class='ocrx_word' id='word_1_47' title='bbox 413 1303 561 1409; x_wconf 79' lang='lat' dir='ltr'><strong>cunctis,</strong></span> <span class='ocrx_word' id='word_1_48' title='bbox 581 1347 765 1416; x_wconf 85' lang='lat' dir='ltr'><strong>aversaque</strong></span> <span class='ocrx_word' id='word_1_49' title='bbox 782 1337 920 1416; x_wconf 76' lang='lat' dir='ltr'><strong>pectora</strong></span> <span class='ocrx_word' id='word_1_50' title='bbox 936 1320 1036 1391; x_wconf 89' lang='lat' dir='ltr'><strong>hello.</strong></span> 
     </span>
     <span class='ocr_line' id='line_1_9' title="bbox 135 1440 993 1538; baseline 0 -27"><span class='ocrx_word' id='word_1_51' title='bbox 135 1444 194 1511; x_wconf 91' lang='lat' dir='ltr'><strong>Sic</strong></span> <span class='ocrx_word' id='word_1_52' title='bbox 213 1442 314 1512; x_wconf 90' lang='lat' dir='ltr'><strong>sortes</strong></span> <span class='ocrx_word' id='word_1_53' title='bbox 334 1445 468 1538; x_wconf 80' lang='lat' dir='ltr'><strong>Minyas</strong></span> <span class='ocrx_word' id='word_1_54' title='bbox 482 1443 594 1512; x_wconf 89' lang='lat' dir='ltr'><strong>suhito</strong></span> <span class='ocrx_word' id='word_1_55' title='bbox 612 1466 718 1536; x_wconf 89' lang='lat' dir='ltr'><strong>quum</strong></span> <span class='ocrx_word' id='word_1_56' title='bbox 733 1440 850 1512; x_wconf 85' lang='lat' dir='ltr'><strong>funere</strong></span> <span class='ocrx_word' id='word_1_57' title='bbox 866 1442 993 1536; x_wconf 84' lang='lat' dir='ltr'><strong>Tiphys</strong></span> 
     </span>
     <span class='ocr_line' id='line_1_10' title="bbox 134 1561 983 1656; baseline 0.002 -25"><span class='ocrx_word' id='word_1_58' title='bbox 134 1564 315 1650; x_wconf 82' lang='lat' dir='ltr'><strong>Destituit,</strong></span> <span class='ocrx_word' id='word_1_59' title='bbox 328 1587 402 1651; x_wconf 57' lang='lat' dir='ltr'><strong>¹non</strong></span> <span class='ocrx_word' id='word_1_60' title='bbox 416 1583 511 1631; x_wconf 84' lang='lat' dir='ltr'><strong>arma</strong></span> <span class='ocrx_word' id='word_1_61' title='bbox 525 1565 640 1656; x_wconf 86' lang='lat' dir='ltr'><strong>sequi,</strong></span> <span class='ocrx_word' id='word_1_62' title='bbox 656 1587 724 1631; x_wconf 91' lang='lat' dir='ltr'><strong>non</strong></span> <span class='ocrx_word' id='word_1_63' title='bbox 745 1561 831 1631; x_wconf 86' lang='lat' dir='ltr'><strong>ferre</strong></span> <span class='ocrx_word' id='word_1_64' title='bbox 851 1561 983 1634; x_wconf 83' lang='lat' dir='ltr'><strong>videtur</strong></span> 
     </span>
     <span class='ocr_line' id='line_1_11' title="bbox 136 1681 1034 1777; baseline 0 -27"><span class='ocrx_word' id='word_1_65' title='bbox 136 1687 263 1752; x_wconf 86' lang='lat' dir='ltr'><strong>Remus</strong></span> <span class='ocrx_word' id='word_1_66' title='bbox 283 1707 408 1777; x_wconf 86' lang='lat' dir='ltr'><strong>aquas,</strong></span> <span class='ocrx_word' id='word_1_67' title='bbox 424 1684 554 1777; x_wconf 77' lang='lat' dir='ltr'><strong>ipsique</strong></span> <span class='ocrx_word' id='word_1_68' title='bbox 570 1683 682 1750; x_wconf 88' lang='lat' dir='ltr'><strong>minus</strong></span> <span class='ocrx_word' id='word_1_69' title='bbox 699 1683 771 1774; x_wconf 87' lang='lat' dir='ltr'><strong>jam</strong></span> <span class='ocrx_word' id='word_1_70' title='bbox 790 1681 913 1751; x_wconf 85' lang='lat' dir='ltr'><strong>ducere</strong></span> <span class='ocrx_word' id='word_1_71' title='bbox 933 1683 1034 1751; x_wconf 73' lang='lat' dir='ltr'><strong>renti.</strong></span> 
     </span>
    </p>

    <p class='ocr_par' dir='ltr' id='par_1_5' title="bbox 133 1781 1029 2136">
     <span class='ocr_line' id='line_1_12' title="bbox 186 1781 973 1898; baseline -0.003 -26"><span class='ocrx_word' id='word_1_72' title='bbox 186 1807 260 1872; x_wconf 87' lang='lat' dir='ltr'><strong>Jam</strong></span> <span class='ocrx_word' id='word_1_73' title='bbox 278 1803 371 1873; x_wconf 86' lang='lat' dir='ltr'><strong>fessis</strong></span> <span class='ocrx_word' id='word_1_74' title='bbox 389 1781 515 1898; x_wconf 83' lang='lat' dir='ltr'><strong>geniitu</strong></span> <span class='ocrx_word' id='word_1_75' title='bbox 531 1800 706 1897; x_wconf 75' lang='lat' dir='ltr'><strong>paullatim</strong></span> <span class='ocrx_word' id='word_1_76' title='bbox 720 1801 823 1871; x_wconf 88' lang='lat' dir='ltr'><strong>corda</strong></span> <span class='ocrx_word' id='word_1_77' title='bbox 839 1800 973 1870; x_wconf 80' lang='lat' dir='ltr'><strong>levabat</strong></span> 
     </span>
     <span class='ocr_line' id='line_1_13' title="bbox 133 1920 1029 2014; baseline 0 -24"><span class='ocrx_word' id='word_1_78' title='bbox 133 1923 328 1992; x_wconf 88' lang='lat' dir='ltr'><strong>Exhaustus</strong></span> <span class='ocrx_word' id='word_1_79' title='bbox 343 1946 499 1994; x_wconf 84' lang='lat' dir='ltr'><strong>sermone</strong></span> <span class='ocrx_word' id='word_1_80' title='bbox 517 1920 632 2006; x_wconf 74' lang='lat' dir='ltr'><strong>dolor,</strong></span> <span class='ocrx_word' id='word_1_81' title='bbox 652 1945 784 2014; x_wconf 82' lang='lat' dir='ltr'><strong>noxque</strong></span> <span class='ocrx_word' id='word_1_82' title='bbox 800 1920 916 1990; x_wconf 89' lang='lat' dir='ltr'><strong>addita</strong></span> <span class='ocrx_word' id='word_1_83' title='bbox 931 1945 1029 1990; x_wconf 84' lang='lat' dir='ltr'><strong>curas</strong></span> 
     </span>
     <span class='ocr_line' id='line_1_14' title="bbox 134 2041 953 2136; baseline -0.002 -26"><span class='ocrx_word' id='word_1_84' title='bbox 134 2042 279 2130; x_wconf 87' lang='lat' dir='ltr'><strong>Obruit,</strong></span> <span class='ocrx_word' id='word_1_85' title='bbox 297 2041 453 2113; x_wconf 84' lang='lat' dir='ltr'><strong>etfacilis</strong></span> <span class='ocrx_word' id='word_1_86' title='bbox 468 2041 623 2136; x_wconf 86' lang='lat' dir='ltr'><strong>lacrymis</strong></span> <span class='ocrx_word' id='word_1_87' title='bbox 642 2042 789 2134; x_wconf 81' lang='lat' dir='ltr'><strong>irrepere</strong></span> <span class='ocrx_word' id='word_1_88' title='bbox 806 2064 953 2110; x_wconf 90' lang='lat' dir='ltr'><strong>somnus.</strong></span> 
     </span>
    </p>

    <p class='ocr_par' dir='ltr' id='par_1_6' title="bbox 132 2161 1186 2738">
     <span class='ocr_line' id='line_1_15' title="bbox 184 2161 1132 2256; baseline 0.001 -26"><span class='ocrx_word' id='word_1_89' title='bbox 184 2165 230 2230; x_wconf 84' lang='lat' dir='ltr'><strong>At</strong></span> <span class='ocrx_word' id='word_1_90' title='bbox 244 2187 313 2232; x_wconf 93' lang='lat' dir='ltr'><strong>non</strong></span> <span class='ocrx_word' id='word_1_91' title='bbox 327 2161 500 2232; x_wconf 86' lang='lat' dir='ltr'><strong>Sidoniam</strong></span> <span class='ocrx_word' id='word_1_92' title='bbox 517 2161 648 2230; x_wconf 79' lang='lat' dir='ltr'><strong>diversa</strong></span> <span class='ocrx_word' id='word_1_93' title='bbox 664 2163 699 2230; x_wconf 90' lang='lat' dir='ltr'><strong>in</strong></span> <span class='ocrx_word' id='word_1_94' title='bbox 717 2176 812 2256; x_wconf 87' lang='lat' dir='ltr'><strong>parte</strong></span> <span class='ocrx_word' id='word_1_95' title='bbox 829 2185 890 2255; x_wconf 90' lang='lat' dir='ltr'><strong>pcr</strong></span> <span class='ocrx_word' id='word_1_96' title='bbox 907 2163 1023 2231; x_wconf 90' lang='lat' dir='ltr'><strong>urbem</strong></span> <span class='ocrx_word' id='word_1_97' title='bbox 1125 2243 1132 2256; x_wconf 37' lang='grc'>1</span> 
     </span>
     <span class='ocr_line' id='line_1_16' title="bbox 132 2280 918 2378; baseline -0.003 -26"><span class='ocrx_word' id='word_1_98' title='bbox 132 2283 213 2352; x_wconf 79' lang='lat' dir='ltr'><strong>Nox</strong></span> <span class='ocrx_word' id='word_1_99' title='bbox 229 2282 344 2351; x_wconf 89' lang='lat' dir='ltr'><strong>eadem</strong></span> <span class='ocrx_word' id='word_1_100' title='bbox 363 2309 370 2352; x_wconf 93' lang='lat'>:</span> <span class='ocrx_word' id='word_1_101' title='bbox 389 2284 486 2352; x_wconf 81' lang='lat' dir='ltr'><strong>vario</strong></span> <span class='ocrx_word' id='word_1_102' title='bbox 502 2282 695 2378; x_wconf 90' lang='lat' dir='ltr'><strong>producunt</strong></span> <span class='ocrx_word' id='word_1_103' title='bbox 710 2280 817 2351; x_wconf 87' lang='lat' dir='ltr'><strong>sidera</strong></span> <span class='ocrx_word' id='word_1_104' title='bbox 829 2280 918 2350; x_wconf 90' lang='lat' dir='ltr'><strong>ludo</strong></span> 
     </span>
     <span class='ocr_line' id='line_1_17' title="bbox 132 2401 1097 2498; baseline 0.001 -27"><span class='ocrx_word' id='word_1_105' title='bbox 132 2405 223 2471; x_wconf 78' lang='lat' dir='ltr'><strong>Ante</strong></span> <span class='ocrx_word' id='word_1_106' title='bbox 238 2402 372 2490; x_wconf 71' lang='lat' dir='ltr'><strong>donus,</strong></span> <span class='ocrx_word' id='word_1_107' title='bbox 393 2405 565 2498; x_wconf 89' lang='lat' dir='ltr'><strong>intraque;</strong></span> <span class='ocrx_word' id='word_1_108' title='bbox 580 2403 728 2498; x_wconf 73' lang='lat' dir='ltr'><strong>ipsaque</strong></span> <span class='ocrx_word' id='word_1_109' title='bbox 742 2401 785 2470; x_wconf 90' lang='lat' dir='ltr'><strong>ad</strong></span> <span class='ocrx_word' id='word_1_110' title='bbox 803 2403 925 2472; x_wconf 86' lang='lat' dir='ltr'><strong>moenia</strong></span> <span class='ocrx_word' id='word_1_111' title='bbox 948 2419 1097 2472; x_wconf 86' lang='lat' dir='ltr'><strong>marcent</strong></span> 
     </span>
     <span class='ocr_line' id='line_1_18' title="bbox 132 2522 1186 2618; baseline 0.002 -28"><span class='ocrx_word' id='word_1_112' title='bbox 132 2523 293 2592; x_wconf 79' lang='lat' dir='ltr'><strong>Excubiae</strong></span> <span class='ocrx_word' id='word_1_113' title='bbox 308 2548 317 2591; x_wconf 76' lang='lat' dir='ltr'><strong>r</strong></span> <span class='ocrx_word' id='word_1_114' title='bbox 335 2524 468 2618; x_wconf 82' lang='lat' dir='ltr'><strong>gemina</strong></span> <span class='ocrx_word' id='word_1_115' title='bbox 488 2547 554 2592; x_wconf 83' lang='lat' dir='ltr'><strong>aera</strong></span> <span class='ocrx_word' id='word_1_116' title='bbox 572 2538 711 2610; x_wconf 83' lang='lat' dir='ltr'><strong>sonant,</strong></span> <span class='ocrx_word' id='word_1_117' title='bbox 730 2522 887 2616; x_wconf 81' lang='lat' dir='ltr'><strong>ldaeaque</strong></span> <span class='ocrx_word' id='word_1_118' title='bbox 901 2539 1011 2618; x_wconf 79' lang='lat' dir='ltr'><strong>terga,</strong></span> <span class='ocrx_word' id='word_1_119' title='bbox 1123 2581 1125 2586; x_wconf 89' lang='lat'><em>.</em></span> <span class='ocrx_word' id='word_1_120' title='bbox 1182 2523 1186 2530; x_wconf 88' lang='grc'><strong>’</strong></span> 
     </span>
     <span class='ocr_line' id='line_1_19' title="bbox 133 2642 952 2738; baseline 0.002 -28"><span class='ocrx_word' id='word_1_121' title='bbox 133 2645 179 2710; x_wconf 91' lang='lat' dir='ltr'><strong>Et</strong></span> <span class='ocrx_word' id='word_1_122' title='bbox 197 2642 370 2713; x_wconf 89' lang='lat' dir='ltr'><strong>moderata</strong></span> <span class='ocrx_word' id='word_1_123' title='bbox 389 2667 510 2714; x_wconf 86' lang='lat' dir='ltr'><strong>sonum</strong></span> <span class='ocrx_word' id='word_1_124' title='bbox 528 2645 621 2712; x_wconf 81' lang='lat' dir='ltr'><strong>vario</strong></span> <span class='ocrx_word' id='word_1_125' title='bbox 636 2645 817 2738; x_wconf 83' lang='lat' dir='ltr'><strong>spiramine</strong></span> <span class='ocrx_word' id='word_1_126' title='bbox 833 2643 952 2712; x_wconf 84' lang='lat' dir='ltr'><strong>buxus.</strong></span> 
     </span>
    </p>

    <p class='ocr_par' dir='ltr' id='par_1_7' title="bbox 132 2762 1161 2978">
     <span class='ocr_line' id='line_1_20' title="bbox 132 2762 1161 2859; baseline 0.002 -28"><span class='ocrx_word' id='word_1_127' title='bbox 132 2765 229 2832; x_wconf 90' lang='lat' dir='ltr'><strong>Tunc</strong></span> <span class='ocrx_word' id='word_1_128' title='bbox 247 2762 362 2833; x_wconf 88' lang='lat' dir='ltr'><strong>dulces</strong></span> <span class='ocrx_word' id='word_1_129' title='bbox 380 2767 546 2859; x_wconf 86' lang='lat' dir='ltr'><strong>Superos,</strong></span> <span class='ocrx_word' id='word_1_130' title='bbox 561 2777 663 2857; x_wconf 87' lang='lat' dir='ltr'><strong>atque</strong></span> <span class='ocrx_word' id='word_1_131' title='bbox 676 2787 775 2832; x_wconf 88' lang='lat' dir='ltr'><strong>omne</strong></span> <span class='ocrx_word' id='word_1_132' title='bbox 792 2787 832 2832; x_wconf 87' lang='lat' dir='ltr'><strong>ex</strong></span> <span class='ocrx_word' id='word_1_133' title='bbox 850 2764 969 2833; x_wconf 87' lang='lat' dir='ltr'><strong>ordine</strong></span> <span class='ocrx_word' id='word_1_134' title='bbox 987 2764 1161 2834; x_wconf 88' lang='lat' dir='ltr'><strong>alumnum</strong></span> 
     </span>
     <span class='ocr_line' id='line_1_21' title="bbox 134 2885 1024 2978; baseline 0.002 -26"><span class='ocrx_word' id='word_1_135' title='bbox 134 2885 288 2970; x_wconf 89' lang='lat' dir='ltr'><strong>Numen,</strong></span> <span class='ocrx_word' id='word_1_136' title='bbox 310 2885 433 2978; x_wconf 89' lang='lat' dir='ltr'><strong>ubique</strong></span> <span class='ocrx_word' id='word_1_137' title='bbox 451 2886 535 2954; x_wconf 87' lang='lat' dir='ltr'><strong>sacri</strong></span> <span class='ocrx_word' id='word_1_138' title='bbox 552 2899 711 2954; x_wconf 86' lang='lat' dir='ltr'><strong>resonant</strong></span> <span class='ocrx_word' id='word_1_139' title='bbox 729 2887 882 2969; x_wconf 81' lang='lat' dir='ltr'><strong>Paeanes,</strong></span> <span class='ocrx_word' id='word_1_140' title='bbox 900 2885 1024 2978; x_wconf 90' lang='lat' dir='ltr'><strong>ubique</strong></span> 
     </span>
    </p>

    <p class='ocr_par' dir='ltr' id='par_1_8' title="bbox 133 3004 1073 3220">
     <span class='ocr_line' id='line_1_22' title="bbox 133 3004 1073 3098; baseline 0.002 -27"><span class='ocrx_word' id='word_1_141' title='bbox 133 3005 245 3088; x_wconf 88' lang='lat' dir='ltr'><strong>Serta,</strong></span> <span class='ocrx_word' id='word_1_142' title='bbox 265 3019 530 3098; x_wconf 88' lang='lat' dir='ltr'><strong>coronatumque</strong></span> <span class='ocrx_word' id='word_1_143' title='bbox 549 3029 679 3074; x_wconf 89' lang='lat' dir='ltr'><strong>merum</strong></span> <span class='ocrx_word' id='word_1_144' title='bbox 696 3029 704 3071; x_wconf 92' lang='lat'><strong>:</strong></span> <span class='ocrx_word' id='word_1_145' title='bbox 721 3028 812 3074; x_wconf 90' lang='lat' dir='ltr'><strong>nunc</strong></span> <span class='ocrx_word' id='word_1_146' title='bbox 830 3004 948 3072; x_wconf 85' lang='lat' dir='ltr'><strong>funera</strong></span> <span class='ocrx_word' id='word_1_147' title='bbox 963 3004 1073 3073; x_wconf 89' lang='lat' dir='ltr'><strong>rident</strong></span> 
     </span>
     <span class='ocr_line' id='line_1_23' title="bbox 134 3123 979 3220; baseline 0.002 -28"><span class='ocrx_word' id='word_1_148' title='bbox 134 3123 279 3218; x_wconf 79' lang='lat' dir='ltr'><strong>Auguris</strong></span> <span class='ocrx_word' id='word_1_149' title='bbox 296 3126 420 3220; x_wconf 82' lang='lat' dir='ltr'><strong>ignari,</strong></span> <span class='ocrx_word' id='word_1_150' title='bbox 439 3139 625 3219; x_wconf 80' lang='lat' dir='ltr'><strong>contraque</strong></span> <span class='ocrx_word' id='word_1_151' title='bbox 643 3127 679 3192; x_wconf 92' lang='lat' dir='ltr'><strong>in</strong></span> <span class='ocrx_word' id='word_1_152' title='bbox 697 3139 834 3219; x_wconf 87' lang='lat' dir='ltr'><strong>pectore</strong></span> <span class='ocrx_word' id='word_1_153' title='bbox 850 3138 979 3194; x_wconf 89' lang='lat' dir='ltr'><strong>certant</strong></span> 
     </span>
    </p>

    <p class='ocr_par' dir='ltr' id='par_1_9' title="bbox 132 3241 1041 3460">
     <span class='ocr_line' id='line_1_24' title="bbox 132 3241 997 3316; baseline 0 -4"><span class='ocrx_word' id='word_1_154' title='bbox 132 3244 293 3313; x_wconf 87' lang='lat' dir='ltr'><strong>Tiresiam</strong></span> <span class='ocrx_word' id='word_1_155' title='bbox 311 3241 449 3314; x_wconf 81' lang='lat' dir='ltr'><strong>laudare</strong></span> <span class='ocrx_word' id='word_1_156' title='bbox 468 3269 566 3316; x_wconf 87' lang='lat' dir='ltr'><strong>suum</strong></span> <span class='ocrx_word' id='word_1_157' title='bbox 585 3271 592 3314; x_wconf 93' lang='lat'><strong>:</strong></span> <span class='ocrx_word' id='word_1_158' title='bbox 609 3269 699 3314; x_wconf 89' lang='lat' dir='ltr'><strong>nnnc</strong></span> <span class='ocrx_word' id='word_1_159' title='bbox 716 3244 803 3314; x_wconf 85' lang='lat' dir='ltr'><strong>facta</strong></span> <span class='ocrx_word' id='word_1_160' title='bbox 821 3241 997 3313; x_wconf 87' lang='lat' dir='ltr'><strong>revolvunt</strong></span> 
     </span>
     <span class='ocr_line' id='line_1_25' title="bbox 132 3365 1041 3460; baseline 0 -26"><span class='ocrx_word' id='word_1_161' title='bbox 132 3366 322 3460; x_wconf 88' lang='lat' dir='ltr'><strong>Majorum‚</strong></span> <span class='ocrx_word' id='word_1_162' title='bbox 342 3382 537 3460; x_wconf 86' lang='lat' dir='ltr'><strong>veteresque</strong></span> <span class='ocrx_word' id='word_1_163' title='bbox 554 3381 680 3437; x_wconf 74' lang='lat' dir='ltr'><strong>meunt</strong></span> <span class='ocrx_word' id='word_1_164' title='bbox 699 3365 742 3435; x_wconf 90' lang='lat' dir='ltr'><strong>ah</strong></span> <span class='ocrx_word' id='word_1_165' title='bbox 756 3367 887 3460; x_wconf 84' lang='lat' dir='ltr'><strong>origine</strong></span> <span class='ocrx_word' id='word_1_166' title='bbox 900 3365 1041 3434; x_wconf 86' lang='lat' dir='ltr'><strong>Thebas.</strong></span> 
     </span>
    </p>

    <p class='ocr_par' dir='ltr' id='par_1_10' title="bbox 131 3487 1044 3706">
     <span class='ocr_line' id='line_1_26' title="bbox 131 3487 1044 3581; baseline 0.002 -27"><span class='ocrx_word' id='word_1_167' title='bbox 131 3489 176 3555; x_wconf 87' lang='lat' dir='ltr'><strong>Hi</strong></span> <span class='ocrx_word' id='word_1_168' title='bbox 193 3512 285 3556; x_wconf 90' lang='lat' dir='ltr'><strong>mare</strong></span> <span class='ocrx_word' id='word_1_169' title='bbox 299 3487 495 3575; x_wconf 88' lang='lat' dir='ltr'><strong>Sidonium,</strong></span> <span class='ocrx_word' id='word_1_170' title='bbox 513 3489 735 3581; x_wconf 87' lang='lat' dir='ltr'><strong>manibusque</strong></span> <span class='ocrx_word' id='word_1_171' title='bbox 754 3488 867 3556; x_wconf 83' lang='lat' dir='ltr'><strong>attrita</strong></span> <span class='ocrx_word' id='word_1_172' title='bbox 881 3489 1044 3556; x_wconf 87' lang='lat' dir='ltr'><strong>Tonantis</strong></span> 
     </span>
     <span class='ocr_line' id='line_1_27' title="bbox 132 3608 947 3706; baseline 0 -31"><span class='ocrx_word' id='word_1_173' title='bbox 132 3609 291 3697; x_wconf 89' lang='lat' dir='ltr'><strong>Cornua,</strong></span> <span class='ocrx_word' id='word_1_174' title='bbox 310 3624 343 3678; x_wconf 90' lang='lat' dir='ltr'><strong>et</strong></span> <span class='ocrx_word' id='word_1_175' title='bbox 362 3611 491 3706; x_wconf 86' lang='lat' dir='ltr'><strong>ingenti</strong></span> <span class='ocrx_word' id='word_1_176' title='bbox 509 3608 676 3680; x_wconf 85' lang='lat' dir='ltr'><strong>sulcatum</strong></span> <span class='ocrx_word' id='word_1_177' title='bbox 696 3610 809 3679; x_wconf 84' lang='lat' dir='ltr'><strong>Nerea</strong></span> <span class='ocrx_word' id='word_1_178' title='bbox 828 3623 947 3676; x_wconf 90' lang='lat' dir='ltr'><strong>tauro:</strong></span> 
     </span>
    </p>

    <p class='ocr_par' dir='ltr' id='par_1_11' title="bbox 131 3728 1068 3946">
     <span class='ocr_line' id='line_1_28' title="bbox 132 3728 1068 3824; baseline 0.004 -30"><span class='ocrx_word' id='word_1_179' title='bbox 132 3728 176 3794; x_wconf 90' lang='lat' dir='ltr'><strong>Hi</strong></span> <span class='ocrx_word' id='word_1_180' title='bbox 193 3728 375 3817; x_wconf 85' lang='lat' dir='ltr'><strong>Cadmum,</strong></span> <span class='ocrx_word' id='word_1_181' title='bbox 393 3728 582 3824; x_wconf 82' lang='lat' dir='ltr'><strong>lassamque</strong></span> <span class='ocrx_word' id='word_1_182' title='bbox 600 3731 737 3818; x_wconf 78' lang='lat' dir='ltr'><strong>bovem,</strong></span> <span class='ocrx_word' id='word_1_183' title='bbox 757 3729 921 3821; x_wconf 84' lang='lat' dir='ltr'><strong>loetosque</strong></span> <span class='ocrx_word' id='word_1_184' title='bbox 937 3731 1068 3799; x_wconf 89' lang='lat' dir='ltr'><strong>cruenti</strong></span> 
     </span>
     <span class='ocr_line' id='line_1_29' title="bbox 131 3847 926 3946; baseline 0.006 -33"><span class='ocrx_word' id='word_1_185' title='bbox 131 3847 250 3916; x_wconf 86' lang='lat' dir='ltr'><strong>Martis</strong></span> <span class='ocrx_word' id='word_1_186' title='bbox 270 3873 367 3943; x_wconf 78' lang='lat' dir='ltr'><strong>agros</strong></span> <span class='ocrx_word' id='word_1_187' title='bbox 383 3849 464 3920; x_wconf 88' lang='lat' dir='ltr'><strong>:alii</strong></span> <span class='ocrx_word' id='word_1_188' title='bbox 483 3853 618 3945; x_wconf 88' lang='lat' dir='ltr'><strong>Tyriam</strong></span> <span class='ocrx_word' id='word_1_189' title='bbox 637 3851 803 3946; x_wconf 87' lang='lat' dir='ltr'><strong>reptantia</strong></span> <span class='ocrx_word' id='word_1_190' title='bbox 820 3872 897 3918; x_wconf 87' lang='lat' dir='ltr'><strong>saxa</strong></span> <span class='ocrx_word' id='word_1_191' title='bbox 923 3901 926 3908; x_wconf 70' lang='grc'><em>.</em></span> 
     </span>
    </p>

    <p class='ocr_par' dir='ltr' id='par_1_12' title="bbox 130 3966 1182 4187">
     <span class='ocr_line' id='line_1_30' title="bbox 130 3966 1096 4065; baseline 0.006 -32"><span class='ocrx_word' id='word_1_192' title='bbox 130 3966 182 4034; x_wconf 81' lang='lat' dir='ltr'><strong>Ad</strong></span> <span class='ocrx_word' id='word_1_193' title='bbox 203 3966 341 4063; x_wconf 88' lang='lat' dir='ltr'><strong>chelyn,</strong></span> <span class='ocrx_word' id='word_1_194' title='bbox 360 3985 395 4040; x_wconf 85' lang='lat' dir='ltr'><strong>et</strong></span> <span class='ocrx_word' id='word_1_195' title='bbox 413 3968 516 4040; x_wconf 91' lang='lat' dir='ltr'><strong>duras</strong></span> <span class='ocrx_word' id='word_1_196' title='bbox 535 3973 738 4042; x_wconf 88' lang='lat' dir='ltr'><strong>animantem</strong></span> <span class='ocrx_word' id='word_1_197' title='bbox 756 3971 946 4065; x_wconf 80' lang='lat' dir='ltr'><strong>Amphiona</strong></span> <span class='ocrx_word' id='word_1_198' title='bbox 964 3983 1096 4039; x_wconf 88' lang='lat' dir='ltr'><strong>cautes:</strong></span> 
     </span>
     <span class='ocr_line' id='line_1_31' title="bbox 131 4069 1182 4187; baseline 0.006 -35"><span class='ocrx_word' id='word_1_199' title='bbox 131 4089 174 4154; x_wconf 89' lang='lat' dir='ltr'><strong>Hi</strong></span> <span class='ocrx_word' id='word_1_200' title='bbox 195 4069 367 4183; x_wconf 84' lang='lat' dir='ltr'><strong>gravidam</strong></span> <span class='ocrx_word' id='word_1_201' title='bbox 384 4091 561 4163; x_wconf 86' lang='lat' dir='ltr'><strong>Semelen:</strong></span> <span class='ocrx_word' id='word_1_202' title='bbox 583 4091 632 4161; x_wconf 91' lang='lat' dir='ltr'><strong>illi</strong></span> <span class='ocrx_word' id='word_1_203' title='bbox 647 4093 824 4187; x_wconf 87' lang='lat' dir='ltr'><strong>Cythereia</strong></span> <span class='ocrx_word' id='word_1_204' title='bbox 843 4091 980 4160; x_wconf 89' lang='lat' dir='ltr'><strong>laudant</strong></span> <span class='ocrx_word' id='word_1_205' title='bbox 1180 4079 1182 4082; x_wconf 30' lang='lat'>⁵</span> 
     </span>
    </p>
   </div>
   <div class='ocr_carea' id='block_1_3' title="bbox 1239 2147 1258 2188">
    <p class='ocr_par' dir='ltr' id='par_1_13' title="bbox 1239 2147 1258 2188">
     <span class='ocr_line' id='line_1_32' title="bbox 1239 2147 1258 2188; baseline 0 -34"><span class='ocrx_word' id='word_1_206' title='bbox 1239 2147 1258 2188; x_wconf 44' lang='grc' dir='ltr'><strong>Ι.</strong></span> 
     </span>
    </p>
   </div>
   <div class='ocr_carea' id='block_1_4' title="bbox 0 0 1590 5142">
    <p class='ocr_par' dir='ltr' id='par_1_14' title="bbox 0 0 1590 5142">
     <span class='ocr_line' id='line_1_33' title="bbox 0 0 1590 5142; baseline 0 3"><span class='ocrx_word' id='word_1_207' title='bbox 0 0 1590 5142; x_wconf 95' lang='lat' dir='ltr'><strong> </strong></span> 
     </span>
    </p>
   </div>
  </div>
 </body>
</html>
