3192 5148
394 573 411 612 a
759 561 789 614 Ρ.
812 557 935 613 PUBLll
956 557 1080 614 STATII

393 685 510 753 diebus
535 685 638 752 ell'usa
658 711 665 752 :
686 686 838 778 quamvis
862 700 996 772 metuo,
1021 709 1065 752 ne
1087 707 1205 752 verum
1227 684 1312 752 istuc
1334 707 1448 752 versus

392 830 528 900 quoque
546 805 610 899 ipsi
629 803 670 873 de
687 829 721 872 se
738 804 893 898 probent.
908 805 1040 873 Primus
1055 801 1186 872 libellus
1199 818 1447 874 sacrosanctum

393 926 494 994 habet
512 939 627 994 testem
648 951 655 993 :
677 922 879 994 sumendum
898 925 992 993 enim
1009 937 1080 992 erat
1098 947 1120 990 a·
1133 925 1215 992 Jove
1231 925 1445 1019 principium.

393 1041 551 1115 Ceterum
570 1045 631 1113 bos
649 1069 780 1130 versus,
797 1068 881 1136 quos
900 1045 934 1111 in
953 1048 1087 1136 Equum
1102 1043 1290 1112 Maximum
1307 1043 1384 1129 soci,
1397 1043 1448 1110 in-

393 1162 648 1258 dulgentissimo
669 1165 881 1256 imperatori,
904 1177 1037 1258 postero
1061 1162 1115 1230 die
1136 1187 1238 1256 quarn
1258 1161 1447 1230 dedicatum

393 1297 579 1377 crotopus,
594 1283 725 1352 tradere
734 1285 845 1377 jussus
857 1307 940 1350 sum.
956 1283 1097 1368 Potuisti
1109 1280 1193 1350 illud
1203 1281 1303 1377 (dicet
1314 1279 1448 1377 aliquis)

393 1417 427 1472 et
446 1417 524 1472 ante
542 1403 672 1472 vidisse.
691 1403 924 1497 Respondebis
940 1400 990 1470 illi
1008 1416 1062 1488 tu,
1077 1400 1178 1471 Stella
1191 1403 1375 1489 carissime,
1389 1404 1447 1496 qui

392 1521 647 1617 Epithalamion
667 1536 783 1608 tuum,
806 1521 897 1615 quod
918 1522 1000 1590 mibi
1025 1523 1238 1615 injunxeras,
1261 1524 1324 1591 scis
1345 1522 1447 1592 biduo

393 1645 566 1738 scriptum.
584 1641 751 1711 Audacter
769 1639 976 1727 mehercule3
996 1640 1053 1708 sed
1072 1654 1184 1709 tamen
1198 1665 1334 1711 ccrnxn
1348 1642 1448 1711 hexa-

393 1777 516 1830 metros
534 1761 643 1830 babet.
662 1763 705 1829 At
722 1760 859 1828 fortasse
876 1773 913 1828 tu
928 1785 990 1854 pro
1007 1758 1136 1856 collega
1152 1761 1333 1830 mentieris.
1351 1764 1448 1829 Man-

394 1881 458 1951 lius
478 1895 567 1950 certe
588 1882 767 1974 Vopiscus,
788 1881 841 1948 vir
862 1879 1124 1964 eruditissimus,
1147 1894 1181 1949 et
1204 1879 1262 1974 ‹jui
1283 1883 1448 1975 praecipue

394 2001 542 2070 vindicat
560 2025 580 2068 a
601 2001 667 2069 situ
693 1997 820 2068 litteras
837 1999 906 2090 jam
928 2024 1022 2092 paene
1045 1999 1229 2092 fugientes,
1255 1998 1339 2068 solet
1359 1997 1447 2068 ultro

393 2145 528 2214 quoque
542 2121 678 2188 nomine
694 2144 771 2187 meo
786 2116 936 2213 gloriari,
953 2131 988 2194 et
1002 2116 1117 2186 villam
1129 2118 1341 2186 Tiburtinam
1355 2143 1447 2187 suam

394 2241 594 2335 descriptam
618 2240 757 2308 anobis
788 2264 854 2307 uno
882 2239 946 2306 die.
976 2239 1136 2330 Sequitur
1163 2235 1294 2306 libellus
1321 2236 1447 2307 Rutilio

395 2361 525 2432 Gallico
540 2358 676 2432 Valenti
696 2358 867 2428 dedicatus
885 2384 892 2426 :
911 2357 953 2426 de
972 2382 1040 2451 quo
1060 2356 1144 2425 nibil
1165 2357 1256 2442 dico,
1274 2353 1449 2426 ne'videar

394 2481 544 2551 defimcti
570 2479 662 2548 testis
684 2479 857 2547 occasione
881 2478 1025 2545 mentiri.
1051 2477 1142 2548 Nam
1163 2473 1296 2545 Claudii
1318 2479 1448 2546 Etrusci

395 2599 625 2670 testimonium
639 2599 775 2690 est,*qui
790 2593 987 2666 Balneolum
1001 2620 1020 2663 a
1033 2621 1088 2664 me
1101 2621 1200 2665 suum
1215 2597 1304 2665 intra
1319 2621 1449 2665 moram

394 2745 497 2790 coenoe
517 2719 654 2812 recepit.
675 2719 717 2786 Iu
733 2716 799 2785 fine
816 2729 895 2783 sunt
929 2713 1074 2784 calendae
1094 2715 1309 2803 decembres,
1329 2716 1450 2810 quibus

395 2843 513 2933 utiquc
525 2837 674 2908 creditur
689 2850 844 2926 :noctem
857 2838 948 2904 enim
962 2834 1054 2903 illam
1071 2833 1294 2904 felicissimam
1311 2835 1449 2922 habent,

395 2974 429 3028 et
445 2957 672 3052 voluptatibus
689 2954 831 3050 publicis
847 2955 1065 3048 inexpertam.
