3206 5136
383 429 1431 460 mmmmm*

624 687 832 794 LIBER
871 687 1190 816 QUINTUS.

833 1029 967 1048 -ο-

383 1217 513 1344 Punss
532 1272 603 1340 sitis
624 1269 745 1356 fluvio,
766 1265 999 1363 populataque
1014 1269 1157 1364 gurgitis
1174 1266 1307 1338 alveum

316 1415 321 1424 ·
382 1394 527 1489 Agmina
544 1389 743 1485 linquebant
762 1391 870 1483 ripas,
891 1412 1093 1482 amnemque
1113 1389 1304 1458 minorem:

384 1514 506 1584 Acrior
523 1525 558 1580 et
574 1533 729 1605 eampum
750 1510 884 1604 sonipes
905 1509 1014 1606 rapit,
1035 1523 1070 1579 et
1086 1509 1189 1604 pedes
1209 1534 1289 1578 arva

383 1631 506 1728 Implet
523 1656 627 1701 ovans
648 1656 656 1698 ι
675 1629 806 1700 rediere
824 1631 905 1700 viris
923 1631 1115 1724 animique,
1132 1631 1315 1724 minaeque,

384 1757 556 1846 Votaque,
577 1753 770 1846 sanguineis
787 1753 930 1820 mixtum
950 1776 1012 1820 ceu
1033 1749 1183 1820 fontibus
1203 1753 1314 1846 ignem

384 1875 582 1942 Hausissent
600 1870 698 1959 belli,
719 1897 927 1966 magnasque
947 1873 982 1940 in
1002 1869 1120 1966 proelia
1139 1886 1277 1940 mentes.

433 1995 596 2089 Dispositi
614 1996 649 2062 in
670 2008 798 2072 turmas
816 2018 949 2082 rursus,
969 1992 1143 2088 legemque
1165 1995 1271 2063 severi

386 2116 542 2201 Ordinis,
561 2129 600 2185 ut
619 2117 740 2209 cuique
760 2130 838 2184 ante
856 2113 969 2204 locus,
988 2113 1195 2210 ductorque,
1213 2130 1391 2184 monentur

350 2303 351 2308 ,
385 2243 577 2308 Instaurare
595 2238 675 2306 vias.
697 2234 812 2304 Tellus
827 2237 898 2330 jam
917 2235 1058 2331 pulvere
1075 2239 1186 2332 primo

386 2359 534 2446 Crescit,
555 2371 590 2426 et
608 2380 780 2426 armorum
799 2357 1034 2425 transmittunt
1054 2355 1188 2452 fulgura
1208 2357 1306 2427 silvae.

386 2478 509 2570 Qualia
529 2493 621 2547 trans
639 2481 786 2548 Pontum
804 2477 936 2547 Phariis
957 2476 1091 2546 defensa
1107 2479 1232 2547 serenis

388 2604 502 2670 Rauca
520 2599 708 2668 Paraetonio
727 2595 893 2666 decedunt
911 2599 1045 2693 agmina
1063 2598 1161 2678 Nilo,

388 2722 504 2810 Quum
523 2721 594 2790 fera
612 2721 709 2814 ponit
725 2719 832 2788 hiems
851 2745 858 2788 :
879 2718 942 2790 illae
959 2720 1118 2818 clangore
1136 2723 1267 2818 stagnei,

389 2842 519 2912 Umbra
539 2839 631 2909 fretis
651 2840 824 2933 arvisque,
846 2838 961 2909 volant
982 2867 990 2909 τ
1012 2858 1110 2912 sonat
1130 2845 1225 2913 avius
1244 2845 1358 2914 ether.

388 2965 462 3032 lam
482 2965 612 3030 Borean
632 2959 821 3052 imbresque
841 2962 929 3054 pati,
946 2961 1014 3054 jam
1032 2989 1113 3033 nare
1130 2962 1248 3034 solutis

390 3081 572 3168 Amnibus,
592 3094 626 3148 et
643 3079 735 3148 nudo
751 3081 848 3172 juvat
866 3083 1018 3151 aestivare
1038 3084 1100 3152 sub
1119 3089 1245 3154 Haemo.

439 3203 503 3270 Hie
522 3225 639 3270 rursus
660 3199 758 3268 simili
778 3226 956 3295 procerum
976 3201 1122 3274 vallante
1142 3231 1267 3273 corona

390 3326 469 3392 Dux
486 3319 716 3406 Talaionides,
737 3321 875 3412 antiquo
896 3336 935 3390 ut
953 3322 1039 3390 forte
1061 3325 1123 3394 sub
1144 3349 1229 3392 orno

391 3440 525 3528 Stabat,
544 3455 578 3509 et
595 3440 722 3508 admoti
741 3441 839 3508 nixus
855 3441 1022 3534 Polynicis
1042 3445 1078 3513 in
1096 3445 1226 3515 hastam
1247 3471 1256 3514 t

441 3569 664 3650 «Attamen,
685 3585 708 3629 o
726 3586 935 3655 quaecunque
956 3589 1009 3651 es,
1028 3567 1094 3652 ait,
1115 3567 1170 3635 cui
1191 3566 1299 3661 gloria
1319 3581 1408 3636 tanta

392 3684 555 3754 Venimus
574 3683 755 3751 innumerae
773 3681 879 3750 fatum
899 3682 1020 3754 debere
1040 3686 1214 3774 cohortes,

392 3805 505 3893 Quem
522 3826 591 3870 uon
611 3802 681 3895 ipse
697 3805 808 3871 Deum
826 3817 918 3872 sator
935 3803 1156 3899 adspernetur
1172 3807 1354 3894 honorem,

392 3927 458 3996 Dic
478 3947 540 4017 age
561 3907 721 4018 (quando
743 3925 807 3991 tuis
829 3923 953 3995 alacres
973 3929 1156 3997 assistimus
1176 3927 1303 4025 undis)

394 4047 478 4134 Quae
495 4043 632 4130 domus,
650 4058 709 4112 aut
726 4043 843 4130 tellus,
862 4047 1008 4116 animam
1025 4047 1148 4141 quibus
1164 4047 1315 4119 hauseris
1331 4045 1439 4120 astris?
