3094 5140
386 459 444 527 aas
687 455 903 511 suasimus
923 454 1039 510 mnan
1057 454 1125 510 mi.
1323 457 1361 518 t·-
1377 459 1446 520 us.)

384 589 525 679 Semper
543 585 642 677 inops
661 583 769 674 aequi,
784 581 855 672 jam
874 579 980 648 cede:
998 579 1064 647 boc
1083 593 1192 672 nupta
1211 594 1391 673 precatur,

384 711 457 776 Hoc
475 729 589 789 soror3
610 716 669 771 aut
688 725 791 770 saevos
812 699 931 768 medie
951 699 1124 769 veniemus
1143 701 1179 768 in
1200 701 1349 794 ignes.»

434 827 575 912 Vinea,
594 848 699 918 quum
717 823 850 892 subitus
864 845 1000 914 campos
1019 835 1157 909 tremor,
1177 818 1313 914 altaque
1330 836 1424 890 tecta

384 945 543 1043 Impulit,
560 945 756 1039 adjuvitque
774 945 847 1038 rogi
868 940 1032 1012 discordis
1050 943 1181 1030 hiatus,

385 1072 430 1140 Et
450 1065 589 1163 vigilum
608 1066 746 1134 turbata
762 1065 875 1157 quies,
894 1064 1016 1157 quibus
1034 1064 1105 1158 ipse
1124 1061 1291 1132 malorum

385 1189 548 1283 Fingebat
567 1184 745 1256 simulacra
762 1209 865 1279 sopor
884 1211 892 1253 :
911 1188 979 1254 ruit
997 1183 1106 1271 ilicet,
1126 1210 1259 1254 omnem

385 1313 604 1403 Prospectum
622 1305 770 1376 lustrans
790 1320 919 1374 amunta
941 1305 1100 1402 indagine
1115 1305 1219 1376 miles.

386 1431 465 1501 lllos
487 1433 648 1502 instantes
667 1430 779 1498 senior
795 1430 891 1498 timet
908 1453 996 1500 unus
1013 1455 1020 1495 :
1038 1444 1073 1497 at
1090 1430 1169 1522 ipsae

386 1561 472 1624 Ante
493 1577 632 1648 rogum,
650 1552 797 1644 saevique
815 1548 925 1643 palam
941 1552 1106 1644 sprevisse
1128 1553 1284 1621 Creontis

384 1675 546 1767 Imperia,
563 1687 598 1742 et
613 1671 744 1742 lurtum
763 1669 856 1740 claro
876 1670 1039 1766 plangore
1058 1671 1206 1741 fatentur
1283 1701 1292 1722 ‚

385 1799 536 1882 Securae,
553 1795 680 1888 quippe
699 1817 800 1862 omne
819 1791 935 1860 vident
952 1792 1087 1862 fluxisse
1105 1792 1257 1862 cadaver.

385 1916 580 2010 Ambigitur
599 1939 685 1983 saeva
704 1912 746 1982 de
765 1929 893 2001 morte,
910 1916 1128 2008 animosaque
1145 1913 1201 1984 leti

385 2041 468 2132 Spes
488 2035 595 2105 furit:
617 2035 688 2104 haec
708 2033 821 2104 fratris
842 2037 1012 2129 rapuisse,
1030 2035 1103 2104 baec
1121 2038 1273 2132 conjugis
1291 2053 1390 2106 artus

384 2157 618 2244 Contendunt,
629 2156 825 2250 vicibusque
838 2157 1004 2250 probant:
1015 2181 1081 2251 ego
1093 2183 1231 2251 corpus,
1245 2183 1313 2253 ego
1326 2161 1439 2253 ignes:

384 2282 441 2348 Me
458 2280 583 2372 pietas,
604 2302 657 2345 me
675 2276 773 2346 duxit
787 2303 882 2346 amor
898 2302 906 2344 τ
924 2277 1106 2371 deposcere
1124 2303 1209 2348 saeva

385 2397 574 2495 Supplicia,
593 2415 628 2467 et
645 2397 778 2467 dextras
793 2399 890 2490 juvat
911 2400 1074 2468 insertare
1095 2400 1233 2468 catenis.

384 2523 561 2614 Nusquam
584 2517 640 2588 illa
659 2517 795 2589 alternis
815 2519 916 2588 modo
934 2544 1011 2613 quae
1029 2523 1218 2591 reverentia
1236 2523 1368 2608 verbis;

383 2645 494 2728 Iram,
511 2641 694 2735 odiumque
709 2656 807 2735 putes
824 2668 831 2708 :
852 2655 966 2711 tantus
984 2641 1155 2711 discordat
1171 2645 1348 2736 utrimque

384 2760 535 2844 Clamor!
554 2778 588 2831 et
605 2762 649 2832 ad
666 2787 803 2858 regem,
822 2764 881 2857 qui
899 2762 1126 2857 deprendere,
1149 2765 1345 2834 trahuntur.

433 2889 478 2954 At
499 2881 619 2979 pro'cul
639 2886 758 2954 Acteis
776 2883 895 2954 dextra
912 2887 983 2978 jam
1004 2885 1141 2956 Pallade
1162 2889 1270 2955 muris

383 3009 472 3075 luno
491 3007 684 3075 Phoroneas
702 3004 830 3075 inducit
850 3009 973 3101 praevia
993 3024 1118 3078 matres
1213 3025 1214 3033 ’

385 3127 573 3211 Attonitas,
596 3152 664 3196 non
687 3129 759 3222 ipsa
777 3129 908 3216 minus,
930 3143 1120 3222 coetmnque
1142 3146 1331 3225 gementem

385 3246 553 3316 Conciliat
571 3245 723 3342 populis,
742 3262 776 3316 et
791 3247 949 3317 llentibus
968 3248 1063 3319 addit
1080 3251 1254 3320 honorem.

383 3371 460 3462 Ipsa
482 3361 584 3438 manti
605 3394 784 3462 ramosque
798 3369 901 3458 oleae,
922 3372 1088 3465 vittasque
1108 3388 1281 3466 precantes

385 3486 524 3577 Tradit,
541 3504 575 3558 et
592 3491 730 3559 obtenta
750 3491 947 3561 submittere
968 3483 1222 3588 lumina'palla,

385 3612 431 3678 Et
450 3609 607 3704 preferre
629 3610 727 3680 docet
746 3636 869 3681 vacuas
890 3615 961 3682 sine
979 3615 1134 3684 manibus
1153 3640 1265 3684 urnas.

387 3731 509 3798 Omnis
528 3746 560 3800 et
580 3733 699 3800 Actaeis
717 3731 821 3801 effusa
843 3733 1020 3826 penatibus
1038 3749 1118 3803 aetas

386 3853 486 3918 Tecta
503 3852 640 3944 viasque
656 3851 787 3947 replent
803 3879 810 3921 :
829 3854 919 3922 unde
936 3855 1001 3923 hoc
1019 3857 1180 3926 examen?
1195 3873 1228 3926 et
1246 3881 1312 3925 una

303 4021 310 4036 ,
387 3973 453 4039 Tot
471 3972 621 4041 miserae?
642 3974 804 4043 necdum
825 3999 941 4044 causas
962 4001 1085 4072 novere
1103 3977 1290 4064 malorum,

386 4095 527 4186 Jamque
547 4111 693 4187 gemunt.
715 4099 788 4165 Dea
808 4096 958 4166 conciliis
974 4123 1009 4168 se
1028 4101 1147 4169 miscet
1165 4101 1314 4193 utrisque
