3172 5142
126 484 158 542 (v.
174 484 226 543 85·)
440 479 656 538 smarnos
677 482 788 538 LIBER
809 480 858 536 m
1123 475 1179 542 145

127 611 228 676 Parte
245 605 366 694 trahit,
388 619 518 700 partem
536 604 724 701 lacrymans
743 581 912 675 sustentat
929 621 1056 677 arator:

177 731 264 796 Ecce
281 739 395 794 autem
413 725 569 795 hortatus
587 725 752 814 Eteoclis,
773 741 806 794 et
822 750 915 794 arma
934 725 1059 810 secuti,

125 851 231 916 lecta
249 870 385 933 manus,
402 846 560 939 juvenes,
580 870 665 939 quos
684 871 747 916 nec
761 848 913 916 Tritonia
931 844 1036 932 bello,

125 969 198 1036 Nee
215 991 321 1060 prope
336 963 458 1036 collata
476 967 654 1060 sprevisset
673 967 811 1061 cuspide
831 971 984 1050 Mavors,

126 1086 320 1156 Adventant
335 1111 343 1152 τ
359 1101 478 1155 contra
496 1085 635 1156 collecta
655 1101 693 1156 ut
711 1102 847 1181 pectora
869 1111 994 1182 parmae

124 1209 276 1295 Fixerat,
294 1220 396 1300 atque
414 1207 543 1275 hastam
560 1205 660 1301 longe
673 1207 909 1302 protenderat,
929 1209 1032 1277 hoeret

127 1326 265 1398 Arduus
283 1325 542 1421 Hippomedon:
561 1351 622 1396 ceu
643 1325 800 1397 fluctibus
820 1328 918 1398 obvia
937 1353 1052 1422 rupes,

125 1449 192 1517 Cui
211 1471 317 1540 neque
336 1445 378 1514 de
393 1443 476 1514 coeto
495 1461 618 1533 metus,
638 1461 671 1516 et
692 1447 795 1517 fracta
815 1473 949 1542 aequora
967 1447 1107 1534 cedunt,

125 1571 201 1638 Stat
219 1569 348 1637 cunctis
367 1568 504 1636 immota
523 1568 622 1637 minis
639 1594 647 1636 ε
664 1571 760 1638 timet
778 1571 848 1664 ipse
867 1570 1030 1665 rigentem
1046 1609 1048 1614 ·

125 1693 270 1775 Pontus,
290 1702 380 1756 etex
398 1685 468 1755 alto
485 1688 614 1756 miserae
635 1714 759 1758 novere
779 1692 912 1759 carinae.

174 1811 271 1877 Tunc
291 1809 384 1902 prior
404 1805 551 1876 Aonides
570 1807 729 1904 (validam
740 1809 846 1879 simul
865 1809 956 1880 elicit
968 1807 1142 1900 hastam):

125 1961 141 1994 a
154 1931 233 1999 Non
253 1927 356 2024 pudet
374 1927 437 1995 hos
452 1929 587 2013 Manes,
606 1929 675 1998 haee
693 1931 888 2000 infamantia
904 1929 1030 2000 bellum

124 2055 277 2133 Funera,
298 2048 360 2117 Dis
379 2071 511 2131 coram,
530 2061 564 2117 et
582 2047 667 2118 coelo
685 2051 891 2144 inspectante
911 2050 1018 2120 tueri?

125 2167 259 2238 Scilicet
278 2167 432 2261 egregius
449 2165 553 2236 sudor
571 2170 852 2263 memorandaque
877 2172 982 2240 virtus

124 2294 221 2359 Hanc
237 2285 403 2356 tumulare
422 2284 552 2356 feram?
568 2312 611 2358 ne
626 2313 695 2358 non
714 2289 930 2359 moerentibus
945 2295 1053 2385 Argos

124 2407 302 2501 Exsequiis
318 2403 551 2499 lacrymandus
569 2406 640 2479 eat!
661 2407 821 2504 mollique
840 2410 965 2480 feretro

124 2528 301 2599 Infandnm
318 2527 463 2620 ejactans
480 2529 627 2599 saniem?
647 2530 803 2600 dimittite
822 2557 948 2602 curam.

124 2648 234 2718 Nullae
254 2646 350 2717 illum
366 2644 536 2732 volucres,
557 2648 649 2718 nulla
667 2653 768 2746 impia
787 2666 953 2737 monstra,
976 2676 1038 2720 nee
1055 2651 1142 2746 ipse,

122 2771 161 2838 Si
176 2768 311 2855 demus,
328 2766 404 2860 pius
422 2767 508 2860 ignis
522 2767 636 2838 edat.»
654 2773 726 2840 Nec
741 2771 839 2865 plura
857 2799 865 2840 :
884 2773 943 2841 sed
958 2775 1075 2868 ingens

121 2893 300 2980 Intorquet
316 2884 484 2977 jaculum,
503 2887 589 2958 duro
608 2889 700 2984 quod
719 2892 754 2961 in
775 2917 840 2961 aere
857 2908 1044 2976 moratum,

120 3008 435 3099 'l'ransmissumque
456 3021 569 3078 tamen
589 3008 696 3106 clypei
714 3014 805 3082 stetit
821 3013 904 3082 orbe
921 3011 1079 3082 secundo.

120 3127 206 3198 Inde
223 3127 364 3213 Pheres,
383 3151 525 3222 acerque
545 3133 653 3225 Lycus
671 3157 679 3200 ε
696 3133 754 3202 sed
774 3159 867 3202 cassa
883 3133 1036 3202 Pheretis

123 3251 228 3320 Hasta
246 3244 350 3332 redit,
369 3249 478 3340 Lycus
497 3249 626 3321 excelso
646 3267 774 3322 terrore
793 3268 982 3322 comantem
1095 3293 1101 3308 ·

119 3366 322 3437 Perstrinxit
337 3364 465 3460 galeam
482 3395 490 3437 :
508 3370 676 3442 convulsae
696 3374 833 3467 cuspide
853 3372 951 3467 longe

118 3488 298 3582 Diffugere
309 3486 416 3579 juhae,
437 3492 612 3586 patuitque
631 3492 773 3588 ingloria
793 3495 904 3564 cassis.

118 3616 196 3705 Ipse
214 3631 276 3675 nec
294 3608 342 3674 ire
359 3620 468 3697 retro,
486 3635 550 3681 nec
569 3614 604 3682 in
621 3607 723 3683 obvia
744 3617 896 3684 concitus
915 3639 1008 3682 arma

119 3726 258 3811 Exsilit‚
278 3728 379 3820 inque
398 3727 513 3800 eadem
529 3757 599 3802 sese
619 3735 758 3830 vestigia
778 3759 908 3828 semper

119 3849 294 3919 Obversus
312 3829 441 3952 cunctis
456 3850 601 3944 profert,
624 3855 828 3948 recipitque,
848 3879 910 3924 nec
931 3879 1080 3948 unquam

117 3969 271 4062 Longius
289 3966 443 4064 indulget
459 3969 599 4059 dextrae,
621 3988 798 4067 motusque
816 4000 877 4069 per
896 3999 1013 4044 omnes

118 4093 251 4183 Corpus
269 4104 382 4158 amat:
403 4117 526 4188 corpus
544 4119 695 4185 servans,
709 4097 922 4190 circumque,
942 4119 1110 4189 supraque

267 4233 305 4278 11.
987 4239 1026 4283 ιο
