3206 5136
395 508 396 512 ’
442 492 461 548 6
746 495 961 552 muamus
980 495 1092 554 mlta
1115 495 1164 548 tv.
1371 497 1404 554 (ι
1417 496 1489 555 ull

442 619 565 712 Stagna
586 617 692 703 subit,
710 641 938 714 magnumque
957 606 1107 712 objectus
1123 601 1250 696 detinet
1267 591 1411 688 amnem.

491 738 578 826 Quis
596 763 772 809 numerum
789 739 888 826 ferri,
906 754 1105 832 gentesque,
1123 753 1158 806 et
1175 737 1298 806 robora
1316 737 1409 808 dieto

443 859 594 952 AEquarit
610 856 751 927 mortale
769 857 912 927 sonans?
925 881 1007 926 suus
1025 860 1113 928 excit
1129 861 1164 926 in
1182 881 1274 926 arma

441 979 620 1071 Antiquam
637 979 801 1072 Tiryntha
817 981 911 1048 Deus
928 1004 937 1047 ε
956 1001 1025 1048 non
1043 977 1186 1048 fortibus
1202 975 1258 1046 illa

440 1099 633 1195 Infoecunda
651 1100 747 1187 viris,
766 1101 920 1194 famaque
941 1100 1096 1170 immanis
1115 1097 1244 1168 alumni

441 1221 650 1312 Degenerat;
667 1217 724 1288 sed
742 1217 836 1314 lapsa
852 1221 916 1290 situ
937 1219 1092 1307 senuna,
1107 1244 1217 1314 neque
1231 1219 1362 1291 addunt

440 1339 559 1407 Robur
574 1363 654 1432 opes
669 1365 679 1408 t
693 1363 789 1410 rarus
805 1341 920 1410 vacuis
937 1341 1107 1410 habitator
1121 1341 1156 1410 in
1177 1341 1266 1410 arvis
1593 1405 1594 1464 p

440 1459 610 1528 Monstrat
630 1457 815 1554 Cyelopum
835 1459 951 1529 ductas
971 1458 1150 1530 sudoribus
1168 1483 1271 1528 mnes.
1593 1465 1594 1552 l

440 1581 508 1648 Dat
527 1580 724 1649 tameuhaee
735 1579 899 1672 juvenum
918 1595 1103 1651 tercentum
1122 1594 1274 1675 pectora,
1288 1579 1409 1673 vulgus

440 1703 658 1768 Innumeram
676 1697 783 1789 bello,
804 1699 926 1792 quibus
945 1700 1036 1768 haud
1052 1715 1207 1786 amenta,
1224 1723 1287 1768 nee
1304 1723 1401 1768 enses

440 1820 550 1888 Triste
567 1820 691 1890 micant
711 1819 860 1889 :flavent
879 1821 980 1914 capiti
1001 1835 1161 1916 tergoque
1178 1817 1314 1888 leonum

440 1943 593 2031 Exuvias,
610 1940 743 2036 gentilis
761 1943 885 2029 honos,
904 1955 940 2009 et
955 1941 1074 2035 pineus
1087 1955 1194 2010 armat

440 2063 566 2155 Stipes,
587 2062 793 2132 inexhaustis
812 2076 986 2131 arctanurr
1002 2058 1068 2129 tela
1085 2060 1259 2155 pharetris.

441 2179 641 2251 Herculeum
655 2185 774 2252 Paeana
788 2196 935 2268 ennunt,
955 2195 1149 2273 vastataque
1165 2179 1323 2250 monstris

425 2303 565 2371 'Omnia
583 2327 591 2370 ε
611 2302 768 2372 frondosa
785 2301 923 2398 longum
942 2304 1037 2370 Deus
1055 2300 1151 2368 audit
1169 2274 1212 2368 ah
1231 2303 1332 2369 outa.

489 2425 558 2492 Dat
574 2425 700 2493 Nemee
716 2423 870 2507 oomites,
889 2435 923 2490 et
939 2444 1021 2513 quas
1042 2421 1076 2489 in
1095 2418 1211 2513 proelia
1229 2420 1314 2486 vires

441 2545 542 2611 Sacra
559 2539 705 2613 Cleonaei
717 2555 845 2638 cogunt
862 2543 975 2609 vineta
995 2538 1173 2610 Molorchi.

441 2659 559 2730 Gloria
577 2675 657 2730 nota
676 2685 775 2746 casu,
793 2660 921 2730 loribus
938 2657 1093 2729 simulata
1113 2655 1249 2752 salignis

441 2779 591 2873 Hospitis
607 2803 701 2849 arma
719 2781 802 2866 Dei,
821 2803 994 2873 parvoque
1013 2778 1203 2848 ostenditur
1220 2801 1321 2861 arvo,

440 2899 558 2968 Robur
574 2900 633 2968 uhi
650 2914 684 2970 et
701 2897 792 2969 laxos
810 2923 877 2993 qua
897 2896 1110 2970 reclinaverit
1125 2921 1221 2968 arcus

441 3017 536 3108 Iliee,
556 3043 623 3114 qua
640 3019 746 3090 cubiti
763 3019 899 3090 sedeant
917 3021 1056 3116 vestigia
1072 3034 1172 3090 terra.

488 3141 533 3210 At
550 3139 670 3234 pedes,
688 3151 723 3209 et
739 3149 811 3208 toto
825 3141 1021 3236 despectans
1039 3141 1165 3210 vertice
1180 3136 1326 3229 bellum,

441 3261 599 3353 Quatuot·
613 3257 786 3336 indomitis
803 3267 980 3359 Capaneus
995 3273 1108 3356 erepta
1123 3258 1276 3350 juvencis

439 3388 563 3480 Terga,
582 3409 751 3479 superque
770 3386 882 3480 rigens
899 3385 1025 3479 injectu
1046 3375 1146 3454 molis
1159 3359 1276 3452 ahena

440 3507 563 3576 Versat
580 3529 684 3593 onus3
704 3503 835 3600 squalet
852 3502 978 3599 triplici
995 3529 1129 3574 ramosa
1142 3527 1267 3572 corona

441 3625 556 3720 Hydra
572 3649 689 3696 reeens
706 3627 802 3698 obitu
821 3651 831 3694 ε
851 3649 928 3720 pars
945 3623 1110 3718 anguibus
1128 3647 1245 3719 aspera
1263 3623 1348 3690 vivis

441 3748 591 3840 Argento
609 3742 723 3815 caelata
739 3746 860 3833 micat3
881 3767 959 3840 pars
977 3759 1050 3813 arte
1070 3758 1206 3838 reperta

441 3864 619 3954 Conditur,
637 3881 671 3936 et
690 3865 782 3936 fulvo
800 3867 948 3936 moriens
967 3867 1109 3960 ignescit
1125 3866 1161 3934 in
1180 3888 1285 3933 auro:

442 3985 579 4056 Circum
596 3989 704 4057 amnis
721 4002 873 4082 torpens,
892 4001 926 4056 et
944 3985 1034 4058 ferro
1050 3983 1171 4056 caerula
1187 3989 1306 4054 lerna.

442 4110 486 4177 dt
505 4104 649 4177 laterum
666 4121 812 4196 tractus,
832 4108 1043 4202 spatiosaque
1059 4121 1195 4200 pectora
1213 4117 1321 4174 servat
