3094 5140
369 483 427 522 aaa
562 539 565 544 Ι
679 459 895 518 mertuos
916 463 1030 518 LIBER
1048 463 1102 520 Xl.
1298 465 1332 530 l'·
1348 468 1417 532 us.)
1526 495 1527 498 =

368 589 575 660 Umbrarum
592 600 725 675 custos,
743 587 927 681 mundique
950 589 1150 658 novissimus
1171 589 1274 658 hares

367 707 511 798 Palluit,
528 709 649 778 amisso
667 707 805 778 veniens
824 705 859 776 in
876 710 1018 777 Tartara
1033 707 1130 778 coelo.

283 806 284 810 Ἰ
415 831 494 901 Nou
512 844 622 898 tamen
643 826 783 898 indulsit
798 825 939 922 pugnae,
956 843 1179 924 cunctataque
1197 829 1310 923 primo

367 950 523 1021 Substitit
540 947 736 1034 inscelere,
752 962 787 1018 et
804 947 955 1045 paullum
964 952 1115 1018 Fortuna
1127 964 1256 1019 morata
1273 964 1337 1020 est.

366 1073 423 1142 Bis
445 1096 544 1142 cassae
561 1071 692 1166 periere
711 1071 798 1140 viae:
821 1070 871 1140 bis
890 1071 1043 1140 cominus
1062 1086 1155 1140 actos

365 1194 496 1264 Avertit
510 1192 620 1262 bonus
636 1193 731 1262 error
745 1216 870 1284 equos,
888 1214 1047 1285 puraeque
1066 1191 1201 1261 nefandi

366 1314 544 1409 Sanguinis
560 1311 707 1406 obliquis
725 1310 1060 1396 cecidernnt'iotibus
1080 1312 1194 1382 hastae.

365 1432 525 1504 Tendunt
542 1431 638 1503 frena
653 1455 776 1519 manu,
795 1445 829 1500 et
848 1433 943 1501 saevis
961 1429 1146 1502 calcaribus
1168 1450 1294 1529 urgent

365 1555 556 1624 Immeritos
573 1579 581 1622 ε
599 1559 711 1622 movet
730 1567 765 1622 et
781 1553 931 1648 geminas
949 1551 1139 1622 miserabile
1156 1555 1287 1624 Divum

365 1675 561 1771 Prodigium
578 1690 726 1762 turmas,
742 1674 937 1768 alternaque
953 1673 1128 1746 murmura
1142 1673 1288 1744 volvunt

364 1800 576 1883 Mussantes;
595 1797 717 1866 iterare
737 1797 860 1883 aciem,
878 1799 1079 1891 procurrere
1098 1791 1185 1892 saepe

364 1921 535 2014 Impetus,
554 1932 589 1987 et
607 1931 716 1988 toturn
734 1918 863 1986 miseris
883 1941 1055 2011 opponere
1071 1915 1207 1986 bellum.

414 2037 620 2108 Jamdudum
640 2040 736 2108 terris
757 2052 912 2131 coetuque
931 2036 1059 2108 offensa
1075 2039 1225 2108 Deorum

365 2166 494 2232 Aversa
512 2157 586 2232 coeli
606 2161 718 2262 Pietas
735 2161 770 2229 in
788 2174 884 2255 parte
903 2159 1061 2248 sedebat,

364 2284 444 2355 Non
466 2281 603 2370 habitu,
623 2305 691 2374 quo
709 2295 789 2350 notn
807 2281 921 2374 prius,
943 2305 1013 2350 non
1032 2305 1091 2351 ore
1110 2305 1248 2364 sereno,

365 2402 430 2474 Sed
446 2404 539 2472 vittis
555 2409 820 2490 exuta'comam,
838 2401 1052 2495 fraternaque
1069 2400 1177 2485 bella,

364 2526 437 2596 Ceu
457 2547 552 2594 soror
569 2520 685 2592 infelix
703 2537 934 2618 pugnantum,
951 2536 1010 2591 eut
1027 2524 1125 2594 anxia
1141 2539 1263 2610 mater,

364 2644 537 2732 Dellebat,
555 2667 747 2739 saevumque
761 2646 894 2732 lovem,
911 2647 1098 2738 Parcasque
1115 2660 1275 2715 nocentes
1340 2681 1342 2684 ·

364 2765 581 2852 Vociferans',
598 2789 737 2859 seseque
757 2762 844 2860 polis
860 2769 902 2834 et'
913 2763 988 2835 luce
1008 2764 1127 2842 relicta

364 2891 607 2958 Desoensura'm
623 2885 755 2971 Erebo,
771 2900 806 2955 et
821 2886 954 2980 Stygios
969 2887 1041 2981 jam
1061 2884 1160 2955 malle
1178 2901 1328 2980 penates.

364 3040 381 3072 α
395 3006 489 3098 Quid
504 3033 572 3095 me,
589 3007 650 3096 ait,
669 3015 707 3076 ut
724 3008 818 3076 saevis
835 3007 1064 3095 animantum,
1082 3031 1122 3077 ao
1139 3032 1225 3102 saepe
1247 3009 1401 3078 Deorum

365 3129 581 3202 Obstaturam
600 3129 734 3216 animis,
750 3129 907 3224 princeps
922 3127 1069 3216 Natura,
1081 3127 1241 3198 creabas?

364 3250 420 3322 Nil
438 3252 508 3344 jam
528 3275 591 3345 ego
609 3273 667 3344 per
684 3247 846 3344 populos,
865 3273 1030 3343 nusquam
1049 3243 1236 3318 reverentia
1250 3250 1368 3337 nostri.

366 3376 398 3443 Ο
414 3372 520 3456 furor,
536 3397 557 3442 o
574 3371 745 3459 homines,
764 3369 911 3464 diraeque
929 3369 1148 3439 Prometheos
1166 3365 1271 3438 artes!
1336 3396 1339 3400 ·

365 3495 478 3582 Quam
495 3494 581 3562 boue
597 3508 674 3587 post
689 3493 852 3588 Pyrrham
870 3489 969 3560 tellus
986 3505 1177 3587 pontusque
1194 3485 1378 3558 vacabant!

366 3617 418 3684 En
435 3613 576 3684 mortale
593 3609 714 3709 genus!
731 3643 748 3678 a
763 3612 883 3684 Dixit:
902 3610 1138 3706 speculataque
1158 3626 1314 3703 tempus,

366 3766 382 3800 a
401 3735 572 3806 Auxilium
589 3749 777 3823 tentemus,
794 3736 861 3823 ait,
878 3733 956 3803 licet
975 3733 1071 3802 irrita
1091 3756 1213 3818 coner3
1227 3761 1243 3794 a
1282 3727 1285 3733 ’

366 3855 576 3952 Desiluitque
596 3853 675 3952 polo
694 3882 702 3925 ε
720 3856 839 3926 niveus
854 3855 916 3924 sub
937 3853 1084 3924 nubibus
1106 3853 1182 3947 altis

367 3978 573 4072 Quanquam
588 3991 706 4048 moesta
721 3979 801 4048 Deae
820 3977 972 4071 sequitur
990 3976 1127 4070 vestigia
1146 3973 1248 4062 limes.

369 4099 435 4168 Vix
448 4112 589 4169 steterat
605 4121 746 4193 campo,
766 4097 877 4167 subita
892 4095 1123 4168 mansuescere
1141 4119 1223 4189 pace
