3200 5142
400 501 456 556 268
778 497 1075 556 ADNOTATIONES

442 617 542 674 lam...
560 615 688 691 genialia
702 612 740 691 (v.
755 612 815 692 99).
830 615 923 670 Miror
937 615 1139 671 Marhlnodnm
1159 634 1220 671 non
1236 615 1378 690 scrips'sse
1393 637 1446 693 ge-

400 709 522 774 nitalia,
534 727 625 783 quum
639 709 700 782 ipse
712 708 787 764 bene
799 707 836 764 de
845 707 889 763 his
903 707 1071 783 praeceperit
1084 707 1121 764 ad
1134 727 1174 779 ιι,
1190 709 1223 779 3,
1239 707 1287 766 62.
1302 713 1397 784 Atque
1409 711 1447 765 ita

399 811 477 858 recte
491 801 584 858 codex
597 801 718 876 llhedig.

441 907 584 982 Populum
592 903 632 983 (v.
650 901 724 982 143).
740 931 753 955 «
769 909 866 964 Unum
882 925 917 964 ex
926 909 1055 982 populo,
1069 907 1238 988 Etruscum,
1252 917 1285 963 ut
1295 905 1447 962 Horatius:

400 1000 485 1057 Plebs
501 1001 572 1068 eris,
586 998 606 1054 i.
621 1017 647 1057 e.
662 1017 737 1056 nnus
751 1017 787 1056 ex
802 1000 896 1074 plebe.
911 1025 923 1052 ι
941 1001 1061 1057 Mauo.
1076 1000 1212 1056 Ferreum
1227 999 1294 1056 inde
1313 1001 1449 1054 annulim

400 1111 467 1148 cmn
480 1110 585 1161 aureo,
600 1091 740 1165 equestris
753 1091 864 1148 ordinis
872 1091 991 1167 insigni,
1004 1090 1187 1166 permutavit.

440 1185 531 1241 Patre
538 1195 638 1240 renato
652 1180 691 1260 (v.
703 1179 779 1259 154).
787 1183 833 1238 Ab
843 1183 942 1240 exsilio
955 1184 1086 1241 reducto.
1095 1183 1170 1240 Vide
1179 1185 1276 1240 Gnou.
1284 1223 1292 1253 ,
1300 1201 1330 1256 p.
1341 1189 1398 1250 hos
1407 1201 1448 1256 sq.

439 1290 475 1344 V.
496 1286 551 1345 162
573 1306 617 1363 sq.
632 1289 705 1345 Rem
718 1286 759 1342 ita
773 1287 857 1343 effert
869 1288 992 1360 Statius,
1007 1299 1040 1344 ut
1057 1299 1114 1344 tam
1127 1287 1296 1362 propinqua
1314 1286 1450 1361 relegatio

398 1399 490 1456 poenae
507 1399 613 1437 nomen
626 1380 730 1436 mereri
749 1397 809 1435 non
822 1380 976 1437 videatur:
994 1379 1076 1456 quod
1093 1380 1226 1454 pluribus
1244 1380 1331 1435 docet
1344 1381 1451 1451 omn,

391 1469 428 1548 p.
457 1490 515 1529 ara
536 1492 601 1548 sqq.
624 1473 760 1530 Citramm
779 1491 849 1530 vero
869 1475 976 1542 soccis-5,
996 1475 1015 1532 i
1035 1492 1059 1531 e.
1081 1475 1189 1549 collega
1209 1472 1338 1542 Etrusci,
1359 1473 1450 1527 multo

399 1564 516 1641 gravius
531 1565 721 1640 plectebatur.

441 1673 629 1728 Sauromatas
644 1673 727 1729 latio
737 1692 794 1729 non
809 1684 852 1729 ert
864 1673 985 1748 dignata
995 1671 1136 1746 triumpho
1149 1669 1428 1750 (v.171).Gevartus
1441 1690 1449 1726 ε

400 1763 605 1822 «Domitianus
623 1764 661 1822 de
676 1766 811 1822 Sarmatis
826 1785 885 1822 ase
899 1765 982 1822 victis
995 1765 1173 1840 triumphare
1189 1765 1332 1822 recusavit
1345 1775 1375 1820 et
1386 1765 1450 1820 lau·

389 1873 478 1912 ream
491 1866 602 1913 tantum
625 1856 692 1913 lori
710 1857 873 1932 Capitolino
888 1858 1002 1928 intulit,
1016 1868 1088 1914 teste
1104 1857 1252 1914 Suetonio.
1275 1857 1349 1914 Inde
1370 1859 1450 1912 Mar-

399 1949 491 2022 tialis,
507 1967 584 2021 vrri,
601 1948 655 2021 15,
669 1950 707 2007 ‹lc
720 1951 842 2008 victoria
856 1952 1004 2008 sarmatica
1019 1972 1026 2006 ε

505 2103 556 2150 llos
566 2115 663 2166 quoquc
674 2109 778 2151 senatos
788 2100 932 2152 memorabit
944 2103 1022 2152 lloma
1035 2100 1183 2166 triumphos,

541 2185 593 2234 Nee
601 2183 682 2236 minor
692 2185 738 2235 ista
750 2193 797 2234 tun
809 2185 892 2235 lauma
902 2185 968 2252 pacis
980 2193 1041 2236 erat.
1054 2207 1068 2228 ι

440 2330 476 2383 V.
495 2325 550 2386 188
560 2347 602 2402 sq.
618 2329 662 2384 De
675 2329 766 2384 AEnea
779 2338 891 2402 patrem
907 2345 944 2384 ex
954 2327 1089 2383 incendio
1105 2326 1219 2400 trojano
1234 2325 1382 2400 eripiente.

439 2421 568 2477 Docta...
577 2417 774 2499 lmeaccm(v.
785 2417 863 2498 nor).
871 2420 919 2477 sd
928 2420 1119 2478 encausticam
1124 2419 1329 2494 picturamhoc
1334 2429 1450 2493 spectat

400 2525 434 2570 ut
445 2512 519 2569 vidit
533 2515 678 2585 Gronov„
691 2533 720 2588 p.
740 2513 797 2570 216
812 2533 856 2588 sq.
1220 2506 1223 2512 ’

444 2621 496 2674 Hic
509 2616 547 2698 (v.
563 2619 619 2676 213
635 2615 700 2696 sq.).
717 2619 753 2674 ln
768 2619 866 2691 ltalia3
886 2619 916 2674 ia
937 2629 988 2674 tua
1008 2621 1107 2676 tellure
1115 2660 1126 2687 ,
1146 2621 1296 2694 Smyrna:
1317 2618 1360 2674 ihi
1378 2617 1449 2676 euim

402 2711 606 2786 cenotaphium
618 2710 672 2768 tibi
686 2729 723 2766 ex
736 2729 790 2767 usu
805 2721 941 2767 exstruet.
952 2710 1027 2768 Vide
1038 2713 1158 2768 Mem.

443 2819 549 2874 Noram
568 2835 678 2893 quaque
693 2812 731 2896 (v.
748 2813 804 2871 215
820 2812 884 2893 sq.).
900 2815 1060 2872 «Claudius
1075 2813 1152 2872 lilius
1170 2813 1276 2870 dicavit
1289 2815 1359 2886 tibi,
1373 2835 1393 2872 o
1405 2835 1452 2874 se-

403 2929 473 2983 nex,
487 2919 586 2968 nostra
599 2908 733 2986 lugubria
747 2918 776 2966 et
789 2907 839 2983 pia
852 2908 992 2978 ommino,
1006 2910 1123 2964 meritas
1144 2909 1294 2980 exemplo,
1309 2907 1329 2964 i.
1350 2927 1375 2964 e.
1391 2928 1452 2984 qn:

403 3007 536 3081 exemplo
553 3006 667 3082 pietatis
684 3025 741 3063 suae
753 3005 875 3077 meruit,
889 3005 1005 3062 anobis
1020 3002 1272 3072 elicuitsGaos„
1286 3022 1396 3077 μη.
1411 3005 1451 3062 Gi.

405 3102 498 3177 Epist.
514 3099 590 3156 libro
602 3097 989 3175 prepositum-Sepulcm,
1003 3116 1060 3173 pro
1077 3097 1189 3154 honore
1204 3097 1365 3169 sepulcrali.
1380 3097 1453 3154 Vide

403 3196 522 3250 bisunu

444 3303 539 3358 Casu.
553 3301 604 3357 1v.
614 3299 686 3356 Cod.
700 3301 786 3358 Paris.
800 3310 829 3356 et
843 3299 888 3356 ed.
901 3317 947 3373 pr.
965 3319 973 3356 ε
989 3291 1197 3357 ComaEarini.
1212 3291 1349 3352 Sidonius
1361 3295 1453 3368 Apol-

403 3395 500 3452 linaris
518 3415 526 3451 :
542 3393 638 3450 Comoe
651 3390 748 3448 Flavii
763 3393 876 3449 Eaniii.
889 3423 931 3436 -
943 3393 1023 3448 Noto
1039 3390 1106 3448 sotis
1119 3388 1250 3446 instituto
1266 3386 1382 3444 Flavius
1396 3389 1452 3442 Ea-

403 3488 497 3557 rinus,
518 3487 638 3543 libertus
660 3484 833 3557 Domitiani,
851 3485 900 3542 cui
920 3486 1026 3561 pocula
1046 3483 1201 3554 miscebat,
1222 3482 1375 3556 languente
1395 3480 1451 3554 jam

403 3582 502 3637 formae
519 3579 624 3656 gratia,
641 3578 733 3636 mines
749 3576 825 3635 dicat
837 3575 1002 3653 AEsculapio
1017 3580 1193 3652 Pergameno
1208 3594 1216 3630 ι
1230 3592 1298 3630 nam
1315 3575 1452 3648 Pergamo

404 3672 544 3730 oriundus
557 3674 685 3729 eratne
703 3671 805 3728 eodem
821 3681 932 3729 exstant
948 3671 1150 3748 epigrammata
1163 3666 1320 3738 Martialis,
1334 3683 1381 3736 rx,
1400 3681 1451 3721 n-

408 3771 459 3836 ri,
477 3785 523 3836 17,
545 3763 589 3821 st.

443 3873 551 3926 Forsan
571 3869 675 3944 etipse
688 3868 727 3948 (v.
746 3889 781 3926 ro
795 3865 859 3946 sq.).
878 3871 946 3926 Non
960 3867 1084 3926 debebat
1106 3869 1251 3935 Gronov„
1274 3881 1304 3938 p.
1324 3863 1383 3920 218
1397 3882 1453 3937 sq„

404 3961 477 4019 adeo
485 3981 620 4037 spanere
633 3962 753 4020 Domitii
766 3973 795 4019 et
808 3963 923 4019 Motelli
937 3961 1171 4037 explicationem,
1184 3975 1274 4034 quum
1288 3973 1386 4012 reram
1396 3973 1453 4012 esse

402 4066 515 4130 pateat,
537 4066 566 4112 at
584 4065 717 4112 contorta
738 4055 795 4111 sint
817 4073 880 4130 qua
894 4057 1006 4131 profert
1023 4055 1092 4128 ipse.
1110 4077 1123 4104 a
1137 4053 1247 4108 Putans'
1263 4049 1391 4123 Apollo,
1408 4047 1454 4102 in-

405 4148 522 4222 quiunt,
533 4149 590 4221 jam
606 4149 762 4219 bacchum,
777 4167 843 4205 cum
853 4169 913 4224 quo
928 4157 1018 4205 certat
1032 4147 1067 4204 dn
1085 4143 1301 4220 pulchritudine
1317 4141 1453 4210 crinium,
