3080 5136
334 425 375 480 su
398 427 428 478 P.
452 426 483 479 ι>.
505 423 631 480 suurn
651 421 760 479 unns.
783 422 853 477 ιιιι.
873 424 926 479 ιιι.
1098 423 1154 495 327

151 543 300 598 Planco...
314 539 397 595 inani
410 537 448 615 (v.
468 535 547 616 599).
565 539 605 594 Ut
622 537 651 592 in
667 537 787 593 somnio.
803 538 892 611 chq.
906 537 1030 611 explicat
1043 540 1135 598 Gloss.
1151 561 1158 596 :

101 661 116 684 a
130 636 272 691 δυιιιιιιιιιι
288 630 365 686 oculi
379 629 545 706 evigilantes
558 628 773 702 nuncupemus

147 727 339 799 Animumque
352 724 473 796 innupto
492 718 531 799 (v.
546 718 625 798 616).
640 723 696 778 ΜΒ
714 720 800 778 etalii
813 721 884 778 boni
898 742 906 778 ι
925 745 940 774 α
949 724 1138 799 animoque.»

152 821 222 875 Tela
234 836 312 893 puer
329 813 368 895 (v.
388 815 467 890 621).
485 815 640 870 Pulchnuu
659 813 706 870 hic
722 814 899 890 asyndeton,
917 816 1001 890 quod
1018 817 1160 876 removeri

104 931 172 969 non
185 912 309 969 debebat
333 929 350 967 a
371 909 475 966 Markl.
496 910 537 964 ad
549 908 633 974 Situ,
649 926 698 976 111,
725 927 756 979 1,
779 907 850 978 160,
868 908 1042 986 corrigendo
1061 933 1074 959 u
1089 912 1161 968 teln-

103 1025 165 1081 que
175 1025 232 1080 per
243 1007 396 1078 lacrymas.
413 1025 426 1052 ι
447 1003 482 1056 ln
496 1001 567 1075 neg.
589 1019 601 1056 1
619 999 761 1056 omittitur
777 1001 824 1057 hic
839 1020 946 1059 versun.

150 1098 332 1152 labdocsiias
345 1093 383 1169 (v.
394 1092 472 1170 650).
486 1091 677 1150 Scribendum
692 1111 757 1149 cum
773 1095 869 1149 Barth.
884 1105 913 1151 et
926 1099 1016 1152 Goon.
1031 1113 1067 1150 cx
1081 1095 1160 1168 opti-

105 1191 162 1246 mis
180 1189 284 1259 codd,
299 1188 384 1244 etiam
402 1188 493 1262 Regg.
508 1196 537 1241 et
549 1187 646 1256 licut,
661 1187 836 1242 Labdacios.

151 1295 232 1351 Colla
248 1296 349 1350 sedent
363 1289 401 1369 (v.
417 1291 496 1362 687).
511 1292 676 1348 Lactantius
690 1292 841 1365 conjunxit
855 1293 932 1350 colla
945 1294 1047 1350 sedent
1058 1293 1142 1348 nodie
1149 1333 1159 1361 ‚

105 1387 254 1460 explicans
264 1411 276 1436 u
286 1387 371 1459 pleno
382 1394 448 1439 sunt
462 1381 630 1439 musculis.»
645 1383 702 1439 Sed
716 1384 817 1440 melius
830 1385 993 1458 vulgatum
1007 1385 1091 1458 capio
1104 1403 1160 1441 un-

106 1492 167 1535 tem
189 1499 245 1553 pro
268 1479 387 1535 demissa
411 1487 493 1548 sunt,
521 1487 553 1530 ut
576 1477 605 1531 in
629 1477 711 1551 equis
730 1478 922 1534 currentibus.
944 1478 999 1534 Cui
1017 1480 1161 1536 contraria

104 1581 224 1628 nonest
242 1571 423 1647 sequentium
440 1568 584 1644 expositio
598 1584 645 1644 up.
669 1571 747 1626 ant
770 1590 777 1626 ε
798 1569 897 1645 upexa
911 1582 941 1627 ct
959 1573 1077 1629 collecta
1090 1571 1161 1645 juba

105 1667 138 1722 in
158 1665 269 1722 cervice
287 1665 357 1740 equi
374 1663 493 1720 sedebat
513 1671 651 1719 ornatu.»
671 1663 733 1718 Nisi
755 1661 891 1738 pretores
904 1665 1010 1722 llartluii
1031 1665 1159 1739 explica-

106 1760 217 1814 tionem
233 1779 240 1814 :
253 1759 326 1832 juba
344 1756 443 1831 equini
463 1755 528 1812 colli
542 1755 628 1812 nodis
648 1755 792 1828 implicata
806 1758 989 1831 implexasque
1002 1755 1115 1836 (sedit),
1125 1777 1161 1816 ne

105 1861 206 1925 posset
217 1866 301 1928 cnisu
320 1850 389 1925 erigi
404 1861 432 1905 et
446 1849 513 1916 liinc
527 1848 594 1904 inde
608 1847 755 1904 fluctuare.
778 1850 825 1905 Ad
846 1869 925 1925 seqq.
945 1851 1020 1907 bene
1041 1869 1162 1925 compa-

107 1955 175 1999 rant
192 1944 318 2000 editores
330 1942 451 1999 Parisini
466 1942 601 2014 Calpurn.
616 1943 678 1996 Ecl.
692 1959 740 2011 vt,
757 1941 793 2008 43
812 1961 819 1995 :

325 2165 331 2177 .
348 2164 354 2176 .
371 2165 378 2175 .
395 2164 401 2176 .
417 2127 548 2194 llutiluquo
562 2123 661 2176 monilia
677 2133 762 2191 torque

218 2216 331 2262 Eunomo
345 2211 438 2262 cervice
453 2219 537 2262 notant
553 2229 559 2258 t
576 2209 619 2260 uhi
634 2209 752 2276 pendulos
767 2209 822 2276 apri
887 2223 893 2236 ·

219 2299 283 2346 Dens
298 2296 364 2346 sedet
379 2304 404 2345 et
418 2295 489 2345 niven
505 2293 631 2360 distinguit
646 2301 744 2362 [ιοοιοιιι
759 2293 824 2342 lunt.

151 2474 235 2540 Juvat
259 2492 349 2528 aurea
367 2492 459 2528 morsu
482 2469 520 2548 (v.
539 2470 618 2548 694).
634 2473 708 2528 Vera
728 2471 814 2527 lectio
829 2469 962 2525 codicum
986 2489 1062 2546 quos
1076 2471 1163 2527 novi-

110 2585 188 2635 mus3
205 2565 320 2641 ignotus
332 2565 443 2622 Schotti
458 2564 489 2620 iu
509 2565 590 2620 Obss.
611 2566 709 2632 Hom„
725 2583 767 2635 11,
782 2582 834 2637 29,
850 2573 878 2618 et
899 2562 1163 2622 Pirelhemerianus

110 2657 253 2713 Gronovii
270 2677 277 2712 ι
300 2658 396 2730 «lugat
409 2676 488 2728 aun,
500 2680 513 2707 n
528 2675 563 2712 cx
584 2655 635 2711 int.
652 2689 691 2700 -
704 2659 738 2711 ln
753 2656 884 2712 versibus
899 2667 966 2730 post
985 2655 1043 2731 696
1063 2655 1162 2712 infini-

112 2750 163 2803 tivi
179 2749 307 2824 pendent
325 2751 362 2806 ub
376 2750 478 2805 hilaris
496 2749 527 2804 in
546 2769 573 2805 v.
588 2747 657 2823 698.
678 2749 795 2805 Cutcuoe
808 2759 903 2806 autem
917 2761 983 2806 sunt
997 2749 1077 2807 illas«
1099 2769 1163 2826 qua

112 2854 225 2914 aparte
239 2843 326 2918 galeae
343 2841 549 2898 descendentes
568 2841 605 2896 ab
620 2840 679 2896 ictu
697 2843 771 2897 collo
790 2840 916 2898 sedentis
929 2841 1128 2907 defendunt»
1165 2899 1171 2908 ,

1000 2937 1099 2992 Gnoss.

153 3028 307 3100 Rodiisque
323 3029 462 3082 micantes
481 3023 520 3102 (v.
544 3025 620 3097 701).
646 3026 784 3081 Nonnulli
805 3025 888 3094 libri,
909 3027 940 3081 in
961 3028 1068 3100 quibus
1090 3031 1162 3101 Mn,

116 3119 259 3190 1Behot.,
278 3119 413 3188 cantab„
432 3137 449 3173 ι
465 3121 555 3192 Regg.
570 3138 577 3172 :
595 3131 751 3174 trementes.
770 3151 810 3161 -
825 3120 891 3193 Seq.
909 3139 936 3175 v.
953 3123 1007 3176 ΜΒ
1023 3141 1055 3177 :u
1072 3124 1163 3179 Dulce

113 3211 203 3266 nitent
215 3211 310 3281 oculi,
328 3222 371 3281 et,
387 3229 473 3284 quam
488 3209 605 3280 dolet,»
619 3220 775 3285 utrumque
790 3211 881 3284 pejus.

156 3305 324 3378 Pmpemsei
335 3305 378 3358 ad
385 3305 495 3379 proelia
509 3300 547 3379 (v.
564 3299 641 3380 715).
656 3304 725 3378 neg.
749 3323 760 3357 ι
784 3322 790 3357 :
806 3303 1002 3378 uinproe1ia..

157 3409 212 3463 Vix
228 3399 297 3464 mtoe
316 3411 379 3464 unc
396 3421 488 3464 matre
505 3409 565 3463 niue
586 3406 626 3484 (v.
644 3405 721 3484 7²⁰)·
741 3410 795 3464 ΜΒ
815 3428 822 3464 :
842 3429 927 3464 ecum
947 3419 1075 3480 mutum
1094 3411 1161 3470 fort.

115 3521 187 3559 vere.
1171 3521 1172 3524 ’

157 3596 278 3667 Cocyton
293 3595 357 3649 telis
375 3590 415 3670 (v.
432 3591 511 3670 730).
527 3592 667 3667 «Cocytos
686 3593 768 3648 theca
787 3609 871 3650 arcus
884 3593 973 3650 solius
987 3592 1102 3663 dicitnr,
1114 3594 1161 3655 si-

115 3698 161 3742 cut
175 3687 319 3764 pharetra
337 3686 519 3761 sagittarum,
543 3697 572 3742 et
595 3705 699 3761 sagma
716 3683 805 3756 scuti;
817 3705 895 3742 nuuc
910 3705 980 3743 vero
1000 3683 1078 3764 [ergo
1096 3687 1161 3744 cod.

116 3775 187 3856 Pan]
204 3789 319 3852 coryton
336 3793 393 3851 pro
404 3778 539 3850 pharetra
552 3777 658 3852 posuit.
670 3801 681 3828 ι
692 3779 781 3834 Lucu.
791 3777 918 3834 -ldem
932 3788 997 3834 unte
1016 3778 1046 3834 in
1062 3798 1088 3836 v.
1106 3786 1161 3849 γαί,

115 3872 143 3925 in
163 3871 223 3926 MS.
244 3869 331 3926 Paris.
347 3873 475 3938 ululato,
493 3889 554 3926 non
573 3871 732 3937 ululanda,
747 3879 780 3926 nt
795 3871 861 3927 edd.
880 3903 919 3914 ·-
933 3873 999 3946 Seq.
1012 3891 1039 3927 v.
1056 3873 1126 3947 ch.
1147 3891 1159 3927 1

115 3975 141 4019 et
155 3965 204 4033 nl,
220 3963 369 4036 inquibus
382 3963 443 4018 sinc
454 3962 545 4019 dubio
559 3963 692 4020 meliores
706 3963 813 4020 Barthii
823 3984 830 4020 ε
841 3967 962 4033 decute,
974 3983 1030 4038 pro
1039 3963 1162 4040 effugit:

116 4069 142 4112 et
157 4077 254 4114 verum
266 4056 375 4129 judico.
389 4057 561 4132 Agnoscitur
576 4055 659 4113 etiam
674 4075 691 4110 a
702 4056 859 4115 scholiastis
873 4059 986 4116 Burthii.
