3094 5140
392 543 448 578 ata
702 525 917 584 THEBAIDOS
939 527 1052 582 LIBER
1073 529 1126 584 XI.
1337 531 1375 593 (Ἰ
1392 533 1459 591 ²⁰5¹:

439 654 540 720 Sacra
556 651 630 720 Jovi
652 653 772 720 merito
790 652 912 745 Tyrius
929 675 992 744 pro
1011 651 1152 722 fulmine
1172 653 1299 724 ductor
1318 709 1326 718 .

389 773 623 867 Nequicquam
640 777 776 843 Danaos
795 787 888 841 ratus
907 797 1094 870 exarmasse
1111 773 1247 845 format.

388 895 460 963 Nec
481 910 577 989 pater
593 895 771 982 aethereus,
787 896 982 991 Divumque
1001 895 1062 966 bas
1083 893 1172 967 ullus
1190 897 1234 967 ad
1252 923 1359 986 aras3

387 1016 452 1084 Sed
470 1015 558 1085 mala
571 1017 755 1112 Tisiphone
774 1017 913 1112 trepidis
932 1019 1056 1086 inserta
1073 1019 1235 1088 ministris

386 1137 523 1226 Adstat,
544 1153 579 1208 et
597 1137 730 1208 inferno
749 1139 919 1232 praevertit
940 1153 1017 1208 vota
1032 1141 1188 1209 Tonanti.

437 1261 604 1330 «Summe
624 1260 828 1348 Deum,·tibi
847 1282 993 1354 namque
1009 1285 1089 1329 meae
1107 1259 1295 1354 primordia
1308 1264 1453 1350 Theba,

385 1381 504 1452 Liveat
525 1380 699 1450 infandum
718 1379 795 1450 licet
814 1385 940 1476 Argos,
960 1395 995 1450 et
1011 1405 1129 1476 aspera
1146 1383 1253 1469 Juno,

386 1503 537 1591 Debent,
558 1501 713 1572 Sidonios
733 1527 773 1572 ex
791 1528 860 1597 quo
877 1526 936 1597 per
956 1501 1070 1571 littora
1086 1517 1204 1597 raptor

384 1625 544 1693 Turbasti
559 1625 708 1718 thyasos,
726 1623 886 1719 dignatus
901 1624 1032 1719 virgine
1054 1639 1169 1693 nostra

384 1749 492 1841 Terga
510 1746 632 1840 premi,
652 1760 686 1814 et
706 1742 854 1840 placidas
871 1744 992 1814 falsum
1010 1745 1140 1840 mugire
1155 1769 1216 1840 per
1233 1745 1368 1816 undas!

383 1869 454 1937 Nec
472 1883 503 1936 te
521 1891 608 1936 vana
624 1865 721 1954 fides,
743 1868 865 1935 iterum
881 1865 1042 1935 Cadmeia
1058 1862 1215 1962 adeptum

384 1987 582 2076 Connubia,
602 2002 636 2057 et
652 1987 772 2082 Tyrios
790 1987 932 2056 nimium
949 1987 1109 2082 irrupisse
1126 2002 1273 2082 penates.

382 2109 550 2198 Tandem,
567 2110 721 2203 inquam,
740 2133 886 2195 soceros,
903 2106 1093 2202 dilectaque
1109 2109 1232 2178 moenia
1247 2127 1371 2204 gratus

383 2231 547 2325 Respicis,
564 2242 776 2322 assertorque
791 2243 888 2299 tonas
905 2253 913 2296 :
931 2253 993 2298 ceu
1010 2230 1101 2323 regia
1117 2227 1191 2298 coeli

382 2357 554 2420 Attentata
569 2353 639 2440 tui,
658 2352 705 2420 sic
721 2365 754 2420 te
772 2375 834 2444 pro
854 2350 1006 2419 turribus
1026 2347 1101 2418 altis

383 2472 536 2542 Vidimus
554 2487 733 2567 urgentem
751 2471 873 2559 nubes,
894 2469 1025 2565 lateque
1044 2472 1225 2568 benignum
1272 2553 1278 2566 ι

380 2592 537 2676 Fulmen,
553 2607 587 2662 et
603 2592 735 2662 auditos
749 2593 881 2687 proavis
897 2593 1096 2687 agnovimus
1117 2595 1219 2688 ignes.

380 2717 503 2809 Accipe
522 2738 614 2783 nunc
632 2713 793 2808 pecudes,
812 2728 846 2783 et
863 2715 977 2808 magni
997 2714 1105 2784 thuris
1124 2739 1273 2802 acervos,

380 2836 608 2928 Votivumque
628 2859 780 2905 marem:
802 2832 920 2929 dignas
939 2835 996 2904 sed
1013 2820 1160 2930 pendere
1178 2852 1288 2932 grates

379 2956 479 3026 Haud
493 2954 634 3027 mortale
648 2981 733 3052 opus
751 2972 801 3026 est
816 2982 823 3024 :
842 2971 974 3026 certent
989 2957 1049 3026 tibi
1066 2957 1205 3028 reddere
1218 2959 1374 3028 Bacchus

380 3079 504 3146 Noster
522 3092 555 3146 et
575 3075 734 3150 Alcides:
756 3075 822 3146 illis
839 3078 910 3146 haec
927 3065 1049 3147 moenia
1068 3102 1202 3148 serva.»

428 3200 593 3269 Dixerat:
616 3213 669 3268 ast
685 3197 733 3268 illi
749 3200 845 3295 niger
864 3199 950 3294 ignis
970 3200 1005 3267 in
1025 3223 1085 3267 ora
1107 3223 1273 3294 genasque
1358 3179 1361 3185 Ι

282 3339 288 3350 “
378 3319 551 3410 Prosiluit,
573 3334 774 3415 raptumque
792 3321 896 3390 comis
915 3318 1068 3390 diadema
1088 3321 1255 3390 cremavit.

377 3444 474 3511 Tunc
493 3440 583 3512 ferus
602 3454 680 3511 ante
699 3442 802 3510 ictum
822 3443 951 3536 spumis
970 3439 1111 3510 delubra
1130 3455 1280 3510 cruentat

377 3564 525 3651 Taurus,
540 3576 575 3632 et
588 3563 782 3632 obstantum
796 3561 915 3631 mediis
930 3587 949 3631 e
964 3563 1105 3632 coetibns
1120 3564 1186 3631 exit

376 3683 564 3770 Turbidus,
582 3684 700 3753 insano
717 3683 838 3753 feriens
858 3680 977 3752 altaria
995 3707 1112 3754 cornu.

377 3803 573 3898 Diffugiunt
591 3801 724 3891 famuli,
744 3820 778 3874 et
795 3829 908 3899 regem
926 3800 1053 3874 solatur
1071 3805 1247 3902 haruspea.

377 3929 453 4021 lpse
471 3927 649 3995 instaurari
667 3949 798 3995 sacrum
816 3923 1029 4014 malefortis,
1048 3928 1168 4022 agique

376 4049 538 4141 Imperat,
558 4062 592 4117 et
609 4023 748 4142 magnos
767 4046 845 4117 ficto
868 4049 990 4142 premit
1009 4073 1067 4116 ore
1084 4051 1229 4117 timores.

377 4166 496 4256 Qualis
513 4169 572 4238 ubi
590 4163 790 4263 implicitum
807 4169 1005 4264 Tirynthius
1017 4166 1150 4238 'ossibus
1172 4171 1281 4264 ignem
