3192 5148
170 577 201 628 (v.
212 575 266 628 ψ.)
510 563 705 622 sutanum
724 564 834 622 LIBER
857 567 878 622 1.
1188 567 1220 621 ιδ
1284 557 1297 575 ’

170 690 312 775 Omina,
328 690 397 784 jam
417 689 499 758 festa
520 691 625 759 fervet
645 691 765 760 domus
783 706 924 785 utraque
941 715 1089 786 pompa:

169 807 304 877 Fronde
322 809 432 878 virent
448 823 578 903 postes,
597 809 759 904 effulgent
774 812 920 904 compita
940 809 1098 898 flammis,
1191 845 1201 852 ·

170 932 214 997 Et
230 952 307 1021 pars
324 927 496 997 immensas
513 928 637 1023 gaudet
653 929 867 999 celeberrima
887 934 1012 1000 Rome.

171 1049 291 1116 Omnis
308 1047 437 1135 honos,
458 1049 571 1116 cuncti
590 1051 733 1117 veniunt
752 1048 795 1117 ad
815 1047 932 1118 limina
952 1049 1054 1120 fasces
1075 1076 1082 1118 :

171 1169 292 1235 Omnis
311 1165 440 1261 plebeio
461 1168 580 1236 teritur
594 1181 758 1262 praetexta
775 1167 932 1238 tumultu.

170 1288 234 1355 Hic
248 1290 367 1380 eques,
389 1286 445 1355 hic
457 1288 621 1380 juvenum
639 1301 726 1356 coetu
747 1286 831 1357 stola
851 1289 955 1357 mixta
975 1287 1113 1378 laborat.

170 1404 295 1476 Felices
313 1420 473 1500 utrosque
490 1420 633 1493 vocant3
653 1405 766 1474 sedin
786 1408 920 1502 agmine
940 1405 1052 1501 plures

169 1524 325 1594 Invidere
344 1526 428 1594 viro.
449 1524 653 1594 Jamdudum
672 1538 767 1620 poste
785 1525 920 1595 reclinis

169 1644 301 1733 Quaerit
319 1646 452 1738 Hymen
470 1642 625 1713 thalamis
645 1646 808 1714 intactum
824 1645 935 1714 dicere
953 1669 1103 1733 carmen,

169 1765 250 1851 Quo
269 1776 379 1832 vatem
400 1761 546 1844 mulcere
565 1777 666 1857 queat
686 1790 695 1833 ε
717 1763 776 1832 dat
794 1766 883 1832 Juno
903 1763 1051 1834 verenda
1146 1855 1149 1866 Ι

169 1879 330 1969 Vincula,
347 1895 380 1950 et
397 1882 520 1977 insigni
535 1883 684 1976 geminat
698 1881 887 1952 Concordia
904 1883 997 1952 taeda.

170 2002 234 2069 Hic
249 2001 314 2068 fuit
329 1998 386 2070 ille
403 1999 472 2070 dies
489 2026 497 2070 :
514 2014 647 2070 noctem
661 2015 760 2070 canat
774 2003 844 2097 ipse
859 2004 1008 2072 maritus.

170 2121 347 2207 Quantum
362 2143 458 2188 nosse
474 2119 568 2206 licet,
583 2122 630 2190 sic
645 2123 732 2189 ricta
748 2144 869 2215 sopore
885 2120 1000 2190 doloso

171 2239 294 2306 blartia
311 2235 468 2307 fluminea
483 2240 595 2333 posuit
611 2237 697 2308 latus
713 2237 775 2308 Ilia
791 2241 864 2333 ripa
881 2265 889 2306 ε

171 2359 248 2425 Non
265 2355 341 2425 talis
355 2359 470 2426 niveos
485 2359 619 2426 strinxit
634 2359 776 2426 Lavinia
792 2357 920 2445 vultus,

169 2476 287 2562 Quum
300 2479 416 2544 Turno
430 2489 602 2570 spectante
616 2476 729 2564 rubet3
741 2489 816 2546 'non
833 2476 974 2546 Claudia
992 2477 1065 2548 talis

169 2595 328 2688 Respexit
343 2593 500 2690 populos,
517 2609 608 2664 mota
621 2598 692 2688 jam
708 2597 804 2690 virgo
819 2589 942 2666 derina.

218 2693 322 2785 Nunc
335 2738 436 2809 opus,
454 2713 626 2784 Aonidum
642 2716 793 2804 comites,
809 2717 1047 2813 tripodumque
1063 2719 1219 2806 ministri,

169 2834 318 2902 Diversis
334 2849 462 2903 certare
477 2833 584 2904 modis
600 2860 608 2903 :
625 2849 680 2903 eat
695 2836 816 2904 enthea
832 2836 924 2905 vittis

170 2955 282 3045 Atque
297 2953 429 3021 hederis
445 2952 600 3022 redimita
613 2954 747 3042 cohors,
763 2967 802 3023 ut
817 2953 922 3048 pollet
937 2958 1051 3026 ovanti

168 3071 321 3164 Quisque
338 3070 424 3165 lyra5
440 3071 498 3141 sed
514 3059 753 3167 praecipuequi
769 3071 883 3142 nobile
896 3099 1011 3169 gressu

169 3193 328 3259 Extremo
343 3189 504 3259 fraudatis
520 3215 620 3284 epos,
637 3191 713 3260 date
729 3194 877 3260 carmina
892 3193 999 3266 festis

170 3309 281 3403 Digna
299 3311 379 3378 toris
395 3334 404 3376 ε
419 3310 511 3379 hunc
526 3311 614 3403 ipse,
630 3311 703 3379 Coo
718 3309 914 3404 plaudente,
932 3311 1076 3380 Philetas

170 3425 460 3522 Callimachusque
474 3453 588 3516 senex,
606 3428 804 3537 Umbroque
818 3431 1012 3525 Propertius
1027 3429 1125 3522 autrd

169 3548 362 3618 Ambissent
378 3547 515 3618 laudare
529 3548 633 3637 diem3
651 3525 711 3618 nec
729 3551 830 3619 tristis
847 3551 882 3618 in
899 3551 978 3644 ipsis

168 3667 261 3736 Naso
276 3668 406 3756 Tomis,
420 3667 576 3762 divesque
592 3668 667 3740 foco
683 3666 815 3738 lucente
829 3659 1005 3737 Tibullus'

168 3790 228 3856 Me
240 3763 329 3857 certe
343 3809 413 3856 non
430 3811 518 3856 unus
535 3811 642 3873 amor,
657 3786 864 3882 simplexque
878 3785 1020 3856 canendi

169 3910 280 3976 Causa
295 3904 396 3975 trahit
413 3931 422 3974 z
441 3918 551 3975 tecum
565 3904 689 3976 similes
702 3883 892 3999 junctaque
907 3906 1093 3988 Camoenae,

169 4022 292 4112 Stella,
306 4025 407 4111 mihi3
424 4022 635 4119 multumque
650 4049 746 4118 pares
761 4023 963 4094 bacchamur
979 4023 1022 4092 ad
1037 4047 1126 4109 aras,

170 4147 211 4211 Et
228 4144 351 4213 sociam
367 4143 474 4213 doctis
489 4145 663 4214 haurimus
680 4143 721 4214 ab
738 4143 892 4213 amnibus
908 4142 1044 4212 undam.
1104 4175 1107 4182 ·
