3200 5142
410 380 497 476 ιη’
603 393 604 398 '
732 404 946 464 rmasmos
965 405 1076 462 mann
1098 407 1121 462 ι.
1336 401 1448 464 (ιω.)

408 535 527 602 Pacem
546 533 676 620 animo,
693 556 913 627 somnumque
931 531 1022 625 pati?
1040 529 1097 600 sed
1116 529 1247 624 prodite
1261 527 1397 598 taudem

406 651 507 721 Unde
524 651 613 721 orti?
632 677 700 746 quo
718 649 811 720 fertis
828 652 912 721 iter?
929 659 1003 744 quae
1016 649 1150 744 jurgia?
1167 673 1245 720 nam
1262 673 1324 716 vos

408 771 507 840 Haud
524 769 666 840 humiles
685 784 777 840 tanta
796 773 845 840 ira
865 770 981 859 docet,
998 770 1193 866 generisque
1210 767 1348 862 superbi

360 945 366 954 .
406 889 534 984 Magna
550 915 611 984 per
629 889 773 959 effusum
791 889 978 960 clarescunt
994 892 1090 985 sigua
1107 912 1273 959 cruorem.
1284 917 1301 952 u

455 1011 520 1078 Vix
539 1033 595 1098 ea,
616 1035 693 1078 cum
710 1011 816 1080 mixto
833 1008 979 1080 clamore
995 1009 1133 1104 obliqua
1149 1022 1281 1078 tuentes

406 1128 579 1223 Incipiunt
599 1153 667 1198 una
681 1155 689 1198 :
704 1134 800 1200 «Rex
820 1155 841 1199 o
859 1131 1030 1200 mitissime
1046 1125 1231 1201 Achivum!

406 1248 500 1340 Quid
516 1249 624 1318 verbis
640 1247 747 1344 opus?
767 1252 837 1345 ipse
857 1249 1023 1320 undantes
1042 1250 1204 1344 sanguine
1223 1248 1340 1318 vultus

406 1368 597 1465 Adspicis.»
615 1375 692 1440 Haec
709 1372 832 1466 passim
850 1370 994 1440 turbatis
1014 1371 1104 1440 vocis
1125 1393 1244 1440 amarae

407 1489 597 1561 Confirdere
614 1493 726 1561 souis:
745 1490 822 1561 inde
838 1516 935 1562 orsus
952 1493 987 1562 in
1005 1491 1122 1561 ordine
1132 1490 1271 1584 ¹Tydeus

408 1613 613 1700 Continuat,
631 1615 738 1681 moesti
757 1614 893 1707 cupiens
911 1611 1029 1682 solatia
1049 1638 1165 1682 casus:

456 1731 704 1802 «Monstriferae
723 1731 904 1827 Calydonis
923 1759 1021 1829 opes,
1039 1733 1263 1827 Acheloiaque
1283 1757 1364 1804 arva

407 1855 566 1924 Deseruit
582 1853 698 1924 vestris
717 1853 773 1922 hic
790 1879 843 1922 me
863 1879 939 1924 ecce
956 1856 991 1922 in
1010 1854 1133 1923 finibus
1151 1855 1267 1948 ingens

407 1977 486 2046 Nox
507 1974 636 2069 operit:
652 1989 739 2044 tecto
756 1973 876 2044 coelum
894 1975 1070 2070 prohibere
1082 1957 1163 2068 >quis
1180 1976 1240 2043 iste

407 2094 544 2165 Arcuit?
560 2119 602 2163 an
621 2096 778 2188 quoniam
799 2097 890 2189 prior
908 2096 979 2165 haec
996 2095 1039 2166 ad
1056 2094 1170 2165 limina
1187 2095 1272 2164 forte

409 2215 552 2287 Molitur
570 2215 723 2311 gressus?
739 2218 866 2312 pariter
883 2217 1049 2286 stabulare
1067 2216 1264 2286 bimembres

407 2341 610 2425 Centauros,
628 2363 760 2434 unaque
777 2339 891 2410 ferunt
905 2319 1068 2434 Cyclopas
1087 2341 1121 2408 iu
1139 2342 1238 2408 AEtna

409 2459 640 2554 Compositos,
657 2475 786 2530 suntet
803 2459 926 2530 rabidis
944 2461 1021 2554 jura
1037 2461 1137 2528 insita
1155 2461 1331 2541 monstris,

409 2584 538 2674 Fasque
554 2604 652 2648 suum
666 2604 674 2649 τ
689 2581 785 2650 nobis
803 2583 927 2650 sociare
944 2581 1066 2651 cubilia
1083 2580 1203 2650 terrae?

408 2701 474 2770 Sed
491 2701 573 2794 quid
590 2700 671 2796 ego?
689 2717 748 2771 aut
763 2701 863 2772 bodie
880 2701 994 2796 spoliis
1012 2703 1145 2797 gavisus
1164 2701 1286 2786 abibis,

408 2821 570 2915 Quisquis
588 2847 641 2910 es,
652 2823 730 2910 'his;
746 2839 805 2893 aut
827 2849 897 2912 me,
915 2824 943 2892 si
961 2848 1029 2892 nou
1048 2822 1179 2891 effoetus
1198 2822 1319 2891 oborto

410 2943 552 3036 Sanguis
570 2941 671 3012 hebet
688 2942 799 3031 luctu,
816 2945 930 3040 magni
953 2943 994 3013 de
1014 2946 1117 3040 stirpe
1132 2957 1282 3014 creatum

409 3066 562 3151 OEneos,
581 3077 615 3133 et
631 3065 732 3135 Marti
750 3090 819 3134 uon
837 3064 1039 3160 degenerare
1056 3079 1197 3159 paterno

411 3186 764 3279 Accipies-«Nee
781 3211 842 3255 nos
858 3187 979 3273 animi,
999 3211 1061 3256 uec
1078 3186 1190 3279 stirpis
1208 3207 1386 3279 egemus,r

408 3302 470 3374 Ille
488 3305 589 3375 refert
606 3321 724 3376 contra
736 3333 744 3376 ε
758 3308 817 3377 sed
833 3333 927 3377 meus
944 3307 1007 3376 sibi
1022 3307 1156 3377 conscia
1176 3305 1254 3374 facti

410 3429 599 3497 Cunctator
617 3426 767 3522 proferre
782 3444 921 3521 patrem.
934 3431 1031 3497 Tunc
1045 3427 1136 3496 mitis
1150 3425 1333 3496 Adrastus:

410 3577 426 3610 n
437 3549 544 3615 Immo
562 3548 669 3642 agite,
688 3562 721 3615 et
739 3549 870 3641 positis,
887 3573 970 3641 quas
989 3573 1056 3617 nox
1073 3549 1277 3642 inopinaque
1297 3546 1399 3616 suasit

410 3671 479 3737 Aut
495 3667 621 3756 virtus,
639 3681 697 3736 aut
716 3669 783 3755 ira,
802 3669 916 3756 minis,
936 3667 1102 3738 succedite
1121 3684 1219 3738 tecto.

411 3791 485 3856 lam
504 3789 628 3881 pariter
645 3798 764 3859 coeant
779 3790 967 3858 animorum
989 3793 1023 3861 in
1043 3793 1184 3885 pignora
1199 3788 1333 3858 dextros.

411 3913 489 3981 Non
506 3909 577 3978 haec
594 3911 781 4002 incassum,
801 3912 964 4004 Divisque
983 3913 1176 3982 absentibus
1194 3925 1288 3980 acta:

411 4035 537 4101 Forsan
556 4045 588 4100 et
605 4031 663 4101 has
677 4047 840 4102 venturus
857 4056 951 4100 amor
968 4034 1164 4125 praemiserit
1179 4035 1262 4118 iras,
