3080 5136
45 475 169 544 (asa.)
358 469 609 526 acurmnmos
631 469 744 525 nmen
765 473 787 526 1.
1049 487 1105 545 ²77

47 601 265 683 Attonitam,
285 610 319 664 et
337 595 429 688 turpi
448 609 655 689 quaerentem
672 593 772 665 litora
792 581 893 664 furtos

48 720 250 792 Occidimus
272 743 279 784 :
302 713 429 812 placuit
448 715 646 810 Lycomedis
664 718 799 785 conscia
817 715 924 786 tellus.

48 847 85 914 Ο
107 834 234 909 scelus!
253 861 295 905 en
314 835 412 904 fluxae
431 836 575 904 veniunt
593 836 629 903 in
647 851 785 929 pectora
804 853 921 907 vestes.

50 959 197 1047 Scinde,
217 981 313 1055 puer,
333 953 518 1044 scinderet
538 953 662 1056 timidae
682 981 724 1024 ne
743 957 841 1026 crede
860 961 1001 1051 parenti.

49 1080 343 1172 Haimihi,raptus
351 1071 595 1170 abithuaenam
606 1071 675 1145 haec
684 1075 800 1170 procul
811 1079 964 1172 improba
972 1080 1109 1174 virgot»

95 1203 174 1268 ‘Hic
192 1212 334 1268 nutante
354 1195 461 1292 gradu
480 1197 589 1283 stetit,
608 1197 804 1291 amissisque
822 1197 946 1267 luroris

53 1321 197 1392 Viribus
215 1332 295 1386 ante
315 1317 402 1410 ipsas
425 1314 637 1384 tremefactus
653 1318 782 1385 corruit
799 1341 883 1386 aras.

56 1445 155 1511 Tunc
175 1440 355 1508 haerentem
373 1435 529 1506 Ithacum
547 1434 754 1531 Calydonius
773 1451 916 1532 occupat
934 1440 1034 1507 heros
1052 1463 1061 1506 :

56 1593 74 1626 u
95 1564 168 1632 Nos
186 1572 284 1628 vocat
301 1559 364 1626 iste
383 1555 479 1626 labor
497 1583 506 1624 ε
527 1580 636 1650 neque
657 1559 749 1632 enim
770 1582 881 1627 eomes
904 1559 953 1626 ire
976 1582 1115 1645 recuso,

59 1683 98 1752 Si
116 1695 150 1749 te
167 1704 248 1749 cura
267 1678 398 1747 trahit:
422 1674 499 1745 lieet
520 1675 577 1746 ille
596 1679 795 1747 sonantibus
813 1679 918 1748 antris

57 1802 207 1896 Tethyos
226 1797 374 1868 adversa
394 1798 589 1892 gremioque
608 1813 782 1891 prematur
799 1823 927 1892 aquoso

57 1924 205 2018 Nereos,
225 1919 373 1988 invenies
391 1943 400 1986 ε
419 1932 455 1986 tu
475 1931 605 1986 tantum
622 1917 784 2012 providus
799 1933 873 1988 astu

58 2040 176 2110 Tende
194 2041 342 2109 animum
364 2036 517 2135 vigilem,
539 2038 802 2132 foecundumque
816 2041 907 2134 erige
924 2055 1065 2136 pectus:

59 2164 153 2230 Nam
170 2160 252 2229 mihi
272 2161 346 2253 quis
364 2172 480 2228 vatum
497 2157 609 2228 dubiis
630 2160 665 2226 in
684 2159 817 2230 casibus
837 2163 925 2229 ausit

60 2286 144 2351 Fata
163 2279 278 2349 videre
298 2277 415 2374 prior?
434 2307 451 2342 ι)
471 2278 599 2348 Subicit
618 2281 753 2372 gavisus
769 2278 885 2349 Ulixes
904 2309 911 2348 :

114 2432 131 2466 «
152 2403 206 2472 Sic
223 2404 317 2470 Deus
338 2401 551 2494 omnipotens
571 2398 702 2489 firmet,
722 2402 770 2468 sic
787 2417 914 2472 annuat
932 2401 988 2471 illa

63 2524 173 2617 Virgo
193 2535 333 2616 paterna
353 2521 414 2589 tibi
434 2546 443 2588 :
466 2519 524 2589 sed
540 2544 594 2588 me
613 2545 687 2614 spes
704 2517 834 2590 lubrica
854 2523 966 2591 tardat
987 2549 994 2591 :

64 2641 203 2712 Grande
225 2640 380 2734 equidem
399 2656 567 2709 armatum
585 2643 703 2710 castris
723 2642 882 2712 inducere
904 2642 1082 2713 Achillem.

64 2761 132 2832 Sed
151 2763 178 2830 si
197 2760 264 2830 lata
283 2775 424 2855 negent,
446 2783 548 2854 quam
566 2759 692 2829 foedum
712 2785 752 2831 ac
773 2765 866 2832 triste
887 2759 1030 2832 reverti!

64 2885 156 2950 Vota
173 2895 285 2950 tamen
304 2884 460 2950 Danaum
480 2905 548 2948 uon
568 2882 733 2962 intentata
751 2880 951 2976 relinquam.

63 3007 206 3096 Jamque
222 3001 304 3071 adeo
322 3015 381 3070 aut
396 3000 505 3070 aderit
527 3025 659 3070 mecum
679 3001 810 3071 Peleius
829 3003 944 3090 heros,
1001 3093 1007 3104 Ι

66 3130 139 3193 Aut
158 3146 273 3192 verum
290 3123 424 3217 penitus
440 3120 537 3208 latet,
555 3135 588 3190 ct
606 3123 679 3192 sine
699 3121 857 3217 Apolline
876 3121 1028 3194 Calchas.
1051 3151 1068 3187 a

118 3241 340 3312 Conclamant
350 3245 478 3331 Danai,
498 3241 716 3336 stimulatque
726 3249 936 3339 Agamemno
948 3243 1097 3313 volentes
1112 3269 1119 3310 :

66 3371 242 3436 Laxantur
260 3377 385 3453 coetus,
403 3363 618 3460 resolutaque
637 3391 810 3436 murmure
828 3365 906 3435 leto

67 3487 213 3580 Agmina
232 3485 406 3555 discedunt
423 3511 432 3553 ε
449 3483 564 3579 quales
579 3487 650 3580 jam
671 3501 769 3556 nocte
788 3489 979 3582 propinqua

66 3609 97 3676 E
116 3621 214 3699 pastu
235 3606 428 3677 referuntur
447 3632 545 3701 apes,
564 3606 614 3677 vel
634 3609 669 3676 in
688 3622 785 3677 antra
807 3610 931 3678 reverti

65 3723 168 3794 Melle
187 3751 275 3796 novo
297 3728 449 3823 gravidas
469 3730 560 3798 mitis
581 3729 673 3798 videt
692 3728 801 3824 Hybla
820 3743 980 3800 catervas.

67 3849 142 3919 Nec
160 3872 275 3934 mora,
291 3848 364 3942 jam
382 3849 516 3918 dextras
537 3851 701 3920 Ithacesia
720 3852 879 3920 carbasus
898 3839 996 3923 auras

67 3967 196 4056 Poscit,
216 3983 249 4037 et
267 3971 302 4038 in
320 3970 420 4039 remis·
438 3968 552 4040 hilaris
572 3972 688 4041 sedere
703 3975 875 4067 juventus.

119 4094 162 4159 At
181 4090 298 4183 procul
320 4089 492 4162 oecultum
510 4091 583 4162 falsi
605 4096 667 4162 sub
690 4096 834 4190 imagine
852 4120 947 4167 sexus
