3192 5148
368 429 379 435 '¹
391 458 427 494 aa
753 445 784 496 P.
805 441 929 498 PUBLII
949 441 1071 498 STATII
1352 452 1383 502 (c.
1396 453 1443 502 ²⁶»)

390 559 537 657 Plectra)
554 586 615 632 nec
630 565 755 633 Aonias
770 561 898 633 decima
915 589 991 633 cum
1008 559 1144 632 Pallade
1161 562 1270 649 divas,

391 685 460 750 Aut
477 682 592 750 mitem
608 684 738 777 Tegeac,
754 684 911 752 Dircesve
926 683 1088 752 hortabor
1101 679 1292 768 alumnum3

390 804 466 894 Ipse
480 802 573 888 veni,
587 802 741 895 viresque
758 827 860 870 novas
876 803 1092 896 animumque
1107 802 1275 888 ministra,
1350 801 1354 812 ’

393 920 462 1009 Qui
478 921 606 988 cancris
626 945 634 989 :
656 920 773 990 dextro
792 946 855 990 nec
873 922 962 990 enim
983 921 1054 989 sine
1073 921 1212 990 numine
1231 933 1343 989 tantus

393 1040 550 1109 Ausoniae
569 1039 689 1111 decora
708 1038 821 1135 ampla
840 1055 938 1137 togae,
957 1054 1157 1133 centumque
1177 1037 1297 1109 dedisti

393 1156 561 1228 ludicium
581 1175 793 1255 mentemque
812 1163 901 1232 viris.
923 1162 1017 1230 Licet
1036 1159 1157 1230 enthea
1176 1161 1261 1229 vatis

393 1276 556 1356 Excludat
575 1276 725 1374 Pimplea
745 1281 854 1366 sitim,
874 1305 937 1349 nec
955 1281 1087 1349 conscia
1107 1263 1205 1347 detur

352 1393 356 1406 ’
393 1399 530 1484 Pirene,
550 1395 659 1492 largos
679 1401 789 1492 potior
808 1400 891 1469 mihi
911 1425 1031 1494 gurges
1051 1401 1087 1467 in
1108 1399 1246 1467 haustus

394 1517 463 1604 Qui
483 1518 613 1610 rapitur
632 1517 674 1586 de
694 1517 784 1586 fonte
805 1531 863 1591 tuo
877 1535 892 1586 ':
914 1543 978 1617 seu,
992 1517 1091 1613 plana
1111 1515 1228 1586 solutis

395 1635 512 1724 Quum
532 1635 631 1704 struis
650 1659 727 1704 orsa
746 1636 869 1724 modis,
886 1662 945 1707 seu
963 1662 1067 1732 quum
1086 1637 1146 1705 tihi
1164 1635 1270 1705 dulcis
1285 1637 1321 1702 in
1335 1647 1443 1702 artem

395 1755 587 1848 Frangitur,
606 1768 640 1822 et
658 1769 788 1825 nostras
808 1770 902 1826 curat
922 1756 1077 1826 facundia
1097 1755 1196 1850 leges.

447 1874 562 1961 Quare
582 1896 659 1968 age,
676 1876 706 1944 'si
724 1875 838 1944 Cereri
856 1899 916 1944 sua
936 1875 1039 1960 dona,
1060 1897 1256 1967 merumque
1276 1877 1374 1967 Lyco

396 1991 594 2082 Reddimus,
616 2008 649 2064 ct
668 1993 759 2062 dives
776 1993 915 2088 praedae,
934 2005 1045 2064 tamen
1066 1993 1186 2087 accipit
1201 1993 1296 2061 'omni

397 2114 541 2182 Exuvias
561 2114 672 2184 Diana
691 2109 801 2200 tholo,
820 2115 1017 2208 captivaque
1036 2110 1102 2181 tela

397 2229 614 2326 Bellipotens3
634 2259 696 2304 nec
716 2219 921 2328 tu,'quando
942 2233 1018 2320 tibi,
1037 2229 1179 2317 Gallice,
1199 2232 1306 2324 majus

397 2349 598 2445 Eloquium,
618 2352 777 2447 fandique
797 2353 918 2448 opibus
936 2351 1086 2423 sublimis
1106 2349 1277 2438 abundas,

329 2457 336 2472 ’
397 2472 525 2564 Sperne
545 2468 609 2542 coli
630 2473 781 2542 tenuiore
799 2471 880 2565 lyra.
901 2473 996 2566 Vaga
1015 2471 1161 2565 cingitur
1180 2470 1276 2574 astris

399 2590 512 2674 Luna,
532 2603 566 2657 ct
585 2590 620 2657 in
640 2615 803 2663 oceanum
824 2593 887 2660 rivi
906 2591 1053 2661 cecidere
1073 2567 1228 2660 minores.

362 2782 367 2792 ,
448 2709 533 2796 Quae
553 2708 612 2776 tibi
633 2707 793 2782 sollicitus
815 2709 973 2805 persolvit
993 2711 1129 2804 praemia
1148 2733 1281 2778 morum

399 2826 503 2895 Urbis
521 2827 635 2898 amor?
654 2855 728 2922 quae
748 2843 820 2900 tum
840 2844 1041 2924 patrumque
1061 2830 1279 2922 equitumque
1299 2828 1412 2896 notavi

399 2947 561 3033 Lumina,
582 2960 615 3016 et
634 2948 756 3042 ignare
776 2948 882 3042 plebis
902 2947 1015 3044 lugere
1033 2945 1211 3042 potentes?

400 3066 478 3135 Non
499 3062 630 3136 labente
647 3067 759 3138 Numa
778 3069 890 3137 timuit
910 3069 957 3137 sic
976 3068 1069 3137 curia
1089 3064 1183 3152 felix,

400 3186 560 3279 Pompeio
580 3211 641 3258 nec
658 3183 765 3256 celsus
786 3209 900 3280 eques,
921 3211 982 3256 nec
1001 3186 1126 3256 femina
1145 3189 1260 3254 Bruto.

401 3309 474 3375 Hoc
492 3303 592 3392 illud,
610 3308 719 3378 tristes
740 3308 883 3376 invitum
900 3306 1016 3376 audire
1036 3319 1183 3390 catenas,

401 3427 542 3495 Parcere
560 3426 769 3512 verberibus,
790 3451 851 3496 nec
870 3450 936 3520 qua
951 3424 1048 3520 jubet
1066 3423 1133 3494 alta
1150 3437 1295 3519 potestas

401 3547 471 3631 Ire,
491 3545 547 3614 sed
568 3560 712 3616 armatas
732 3543 877 3616 multum
895 3545 957 3614 sibi
978 3541 1239 3630 demeremus,

402 3665 610 3758 Dignarique
628 3689 748 3736 manus
768 3663 928 3751 humiles,
948 3676 981 3734 et
997 3663 1100 3733 verba
1120 3677 1339 3757 precantum3

403 3783 556 3856 Reddere
573 3786 650 3878 jura
668 3785 755 3870 soro,
774 3809 836 3854 nec
855 3785 1053 3880 proturbare
1074 3781 1222 3868 curules,

380 3959 381 3962 ,
403 3908 447 3974 Et
464 3903 589 3974 ferrum
610 3903 756 3974 mulcere
775 3918 861 4000 toga.
881 3906 935 3974 Sic
955 3906 1023 3974 itur
1040 3904 1075 3972 in
1093 3901 1159 3972 alta

404 4027 559 4112 Pectora,
578 4026 624 4094 sic
644 4026 748 4095 mixto
769 4026 955 4096 reverentia
974 4049 1008 4094 se
1027 4023 1086 4092 dat
1106 4023 1222 4092 amori.
