3206 5136
397 533 437 587 ΙΝ
458 534 489 587 Ρ.
508 536 539 588 Ρ.
562 533 690 588 suern
712 533 807 588 SlLV.
830 533 899 588 LlB.
918 537 952 588 V.
1139 543 1197 615 289

191 649 283 704 Grauia
296 645 380 719 resm
394 649 470 704 Selle
479 643 519 725 (v.
538 645 613 724 ιη).
628 671 640 698 a
655 646 740 703 Graia
754 647 828 704 Sella
837 659 879 704 est
893 649 989 722 Velia,
1003 651 1134 710 Lucaniae
1144 675 1200 729 op-

143 741 263 816 pidum,
277 741 354 797 dicta
365 741 471 808 Graia,
488 739 626 814 quom
640 757 656 794 a
668 740 885 796 Phocaeensibus
899 740 1028 814 condita,
1041 753 1112 801 teste
1121 747 1202 802 Stra-

143 835 242 903 bone,
262 833 311 890 lib.
334 853 380 903 vr,
404 831 466 888 init.
496 833 590 888 mun
611 832 725 888 adscita
747 835 868 901 colonis,
896 845 1018 908 propter
1040 837 1201 896 antitheton

143 926 238 982 Statio
258 926 443 982 adamatum:
458 925 541 1000 qimai
559 924 676 982 dixisset
688 925 763 981 Selle
780 945 797 982 a
815 927 919 982 Graecis
937 928 1100 999 condita,a
1118 933 1200 988 Lati-

144 1020 192 1076 nis
208 1019 344 1076 habitata.
361 1018 421 1090 Qui
441 1018 478 1075 dc
500 1018 573 1076 Selle
594 1017 626 1073 in
643 1017 732 1092 Epiro
754 1019 814 1074 haeo
831 1017 1069 1094 interpretantur,
1088 1033 1115 1078 et
1134 1023 1201 1081 inde

142 1123 410 1188 arcmuntgenus
428 1109 541 1184 Papinii
563 1110 670 1185 patris,¹
685 1120 832 1185 nugantur
850 1131 857 1164 :
876 1111 1015 1186 primum,
1034 1114 1102 1189 quia
1124 1117 1201 1174 nulla
1228 1149 1231 1155 ·

144 1206 204 1262 fuit
218 1205 289 1262 urbs
302 1223 338 1260 eo
351 1203 468 1260 nomine
489 1203 521 1258 in
539 1202 642 1276 Epiro:
652 1203 733 1259 Sellae
749 1203 824 1258 enim
839 1205 957 1279 populi,
979 1206 1030 1281 qui
1045 1217 1071 1262 et
1086 1209 1154 1264 Selli
1173 1220 1202 1266 et

143 1296 223 1354 Helli
241 1297 386 1368 dicuntur,
402 1304 560 1354 occurrunt
580 1296 660 1370 apud
670 1295 794 1352 Plinium
807 1297 1036 1371 etStrabonern5
1053 1300 1105 1356 sed
1122 1301 1201 1358 nulla

143 1391 218 1446 urbs
232 1391 314 1448 Selle.
326 1389 439 1448 Deinde
456 1388 612 1464 quomodo¹
624 1407 684 1444 esse
696 1389 794 1462 potnit
807 1390 909 1447 Sellius
926 1391 985 1449 sive
1001 1392 1125 1468 Epirota
1133 1398 1201 1458 sta..

143 1483 178 1538 tii
199 1493 290 1555 pater,
309 1501 400 1558 quum
414 1499 518 1556 supra,
535 1499 563 1536 v.
582 1499 653 1555 119,
670 1480 776 1537 dixerit
799 1480 887 1554 iilius,
900 1483 982 1542 illurn
1000 1491 1130 1548 sumsisse
1153 1507 1198 1550 to.

139 1593 215 1648 gam
224 1585 402 1651 praetextam
416 1583 445 1629 et
454 1573 564 1628 bullam
572 1591 692 1630 auream
701 1575 723 1638 ι’4
731 1593 796 1648 quae
804 1585 882 1630 certe
891 1575 1049 1638 nobilitatis
1059 1601 1199 1656 romanae,

143 1679 206 1724 non
221 1667 365 1742 epiroticas
378 1664 500 1741 insignia
516 1665 643 1722 fuerunt.
660 1667 779 1722 Necesse
794 1677 835 1723 est
844 1667 932 1744 igitur
945 1670 1003 1728 ulli
1017 1674 1122 1731 Lilium
1135 1681 1199 1753 Gy.

142 1759 275 1830 raldum,
301 1760 418 1832 Dialog.
442 1775 488 1826 rr,
506 1768 540 1822 et¹
553 1757 714 1816 Domitium
729 1758 913 1816 Celderinum
934 1773 963 1820 et
989 1776 1098 1824 ceteros
1121 1770 1199 1827 viros

143 1852 268 1923 doctos,
285 1851 338 1927 qui
355 1851 451 1912 Sellen
463 1851 619 1918 relSellas
638 1850 825 1924 Epirotarum
842 1853 964 1926 patriam
984 1859 1095 1933 Papinii
1109 1864 1199 1936 patris

142 1955 323 2015 statuerunt,
336 1962 427 2018 quum
438 1943 527 2016 plane,
532 1942 651 1999 Velinus
666 1943 722 2000 iuit
735 1944 773 2001 de
787 1955 899 2020 gente.»
911 1950 1027 2006 Mem.
1043 1954 1113 2022 Qua
1122 1955 1198 2012 idem

141 2036 244 2109 adjicit
258 2036 294 2093 dc
311 2035 392 2092 urbis
406 2033 496 2090 Veliae
514 2033 681 2092 nominibus
699 2036 799 2106 variis,
821 2055 855 2093 ea
871 2037 931 2111 jam
948 2042 1049 2101 melius
1056 2044 1199 2102 habentur

142 2130 174 2186 in
189 2131 336 2186 Mneuteri
353 2128 443 2185 docto
456 2129 555 2185 libello
572 2128 613 2185 de
627 2129 681 2185 hac
695 2130 768 2186 urbe
787 2151 793 2184 :
812 2132 896 2188 Velia
914 2135 944 2188 in
959 2137 1119 2209 mantea,
1132 2141 1197 2197 coll.

141 2221 297 2280 Kiddianis
314 2221 352 2278 ad
364 2222 477 2278 Dawes.
496 2221 581 2276 Mire.
588 2259 598 2287 ,
615 2238 644 2294 p.
661 2238 727 2276 aro.

189 2329 295 2385 Graius
308 2345 365 2403 qua
378 2344 481 2402 puppe
502 2327 640 2400 magister
651 2323 689 2404 (v.
710 2344 762 2398 ¹²7
778 2326 844 2407 sep).
864 2330 1030 2388 Palinurum
1043 2333 1128 2405 dicit,
1147 2337 1198 2410 qui

141 2439 238 2496 prope
250 2420 362 2477 Veliam
375 2418 461 2476 undis
474 2417 620 2476 demersus
627 2463 636 2491 ,
645 2419 697 2477 uhi
708 2422 841 2477 Palinuri
840 2426 1064 2496 promontorium
1070 2465 1081 2493 ,
1095 2439 1197 2483 notum

141 2535 180 2572 ex
200 2513 330 2590 Virgilio.
348 2512 407 2570 Sed
427 2511 571 2568 edendum
590 2522 651 2569 erat
664 2513 823 2590 Phygelus,
838 2534 898 2572 non
918 2517 1038 2588 Graius,
1057 2538 1073 2575 e
1089 2520 1196 2578 Heinsii

141 2607 226 2676 cod,
240 2604 387 2676 Parisino,
404 2603 543 2680 thiig„
559 2615 587 2660 et
601 2605 646 2662 ed.
665 2623 710 2680 pr.
724 2607 758 2661 V.
774 2607 892 2663 Manu.

186 2715 286 2768 Moeca
307 2723 336 2768 et
353 2712 419 2767 e'rrde
436 2730 518 2765 suum
532 2707 571 2788 (r.
590 2729 645 2785 ¹²9
662 2707 748 2789 sqq.)
768 2712 890 2788 Egregie
903 2712 990 2785 hujus
1003 2715 1060 2772 loci
1080 2727 1196 2772 senten-

140 2808 214 2863 tiam
234 2803 380 2882 perspexit
399 2803 519 2872 Marii,
533 2803 628 2859 minus
648 2803 724 2859 felici
739 2822 872 2860 successu
889 2806 1064 2863 sanationem
1079 2827 1196 2886 aggres-

141 2917 201 2955 sus.
217 2899 337 2953 Necesse
355 2895 431 2952 enim
445 2906 488 2952 est
501 2906 534 2952 ut
549 2895 609 2969 jam
628 2895 771 2970 probetur
790 2895 862 2953 illud
881 2898 1043 2972 ambiguum
1058 2913 1197 2957 cenarnen

138 2993 268 3068 gerniaca
286 3002 369 3046 teme
387 3008 397 3042 .·
414 3007 468 3045 nec
492 3007 559 3046 sane
576 2989 638 3044 aliae
657 3007 717 3045 esse
734 3000 855 3062 possunt
871 3007 960 3063 quarn
979 2992 1059 3047 Velia
1078 3003 1107 3048 et
1121 2995 1197 3049 Nea-

140 3083 228 3160 polis.
251 3081 386 3140 Similiter
405 3081 443 3138 de
460 3080 580 3138 Homeri
596 3079 689 3156 patria
703 3091 881 3138 certaverant
901 3101 997 3157 grace
1011 3085 1096 3140 urbes
1111 3105 1117 3140 :
1133 3105 1197 3161 quae

140 3175 299 3254 benignior
311 3173 403 3232 Statio
421 3175 553 3245 materia,
569 3193 656 3250 qnam
669 3183 703 3229 ut
715 3191 776 3230 uno
793 3175 920 3230 alterove
932 3193 1018 3232 versu
1037 3195 1070 3232 ea
1089 3177 1195 3234 delun-

140 3279 270 3346 geretnr.
290 3268 402 3326 Desunt
420 3266 523 3344 igitur
539 3266 648 3341 aliqua,
669 3284 796 3344 quorum
814 3266 1111 3323 convenientissimum
1130 3269 1196 3324 huic

141 3359 289 3419 sententia
301 3359 476 3434 principium
484 3358 554 3416 dunt
570 3359 636 3416 cod.
651 3357 773 3435 lihedig.
790 3368 819 3416 et
831 3359 917 3430 Paris,
937 3378 954 3416 a
972 3377 1025 3418 sec.
1041 3379 1141 3430 manu,
1151 3363 1197 3417 cui

141 3452 284 3527 majorem
307 3470 366 3508 esse
383 3451 471 3509 iidem
491 3451 652 3508 habendam
671 3469 758 3527 quam
776 3451 833 3527 ipsi
851 3451 938 3524 hujus
956 3450 1064 3508 codicis
1089 3455 1197 3524 textui,

140 3543 226 3602 facile
240 3544 481 3614 demonstrarem,
495 3544 519 3600 si
531 3544 562 3601 id
578 3563 656 3600 nunc
670 3554 818 3620 ageretur:
828 3562 895 3599 nam
905 3543 1039 3599 collatum
1060 3561 1196 3600 esserum

141 3638 308 3713 antiquiore
325 3636 403 3694 hunc
417 3637 546 3694 codicem
559 3636 713 3694 certissima
729 3647 796 3694 sunt
813 3629 932 3706 indicia3
946 3637 976 3692 hi
994 3637 1102 3712 igitur:

294 3839 375 3904 Major
386 3847 410 3889 et
422 3838 480 3888 inde
491 3854 558 3888 serum
570 3839 739 3907 longoprobet
752 3839 837 3890 ordine
848 3839 916 3900 uitre3

141 4029 319 4104 sequebatur
332 4029 392 4084 sine
407 4028 499 4085 dubio
514 4031 714 4106 Parthenope,
731 4033 814 4106 quod
828 4033 858 4088 in
872 4032 1016 4106 principio
1034 4031 1119 4104 hujus
1127 4049 1195 4086 ver-

140 4139 204 4190 sus,
235 4129 267 4174 ut
292 4119 384 4175 voluit
406 4121 527 4192 Markl,
557 4141 616 4179 esse
641 4123 837 4179 oblitteratum
859 4125 943 4180 nirnis
964 4123 1090 4179 absimile
1117 4142 1194 4178 vero.

273 4246 295 4285 ι.
1010 4249 1051 4320 19
