3172 5142
132 483 252 548 (aas,
272 555 287 564 ..
441 479 654 538 rnesnmos
677 479 789 536 cusu
809 479 860 534 rx.
1130 484 1185 550 rtn

133 607 267 702 Tydeos
284 604 340 677 hic
359 609 473 703 magni
491 606 578 676 fidus
597 587 727 693 comes,
744 620 779 674 et
795 602 897 674 modo
915 602 1039 674 frustra

132 726 292 825 Armiger
310 755 317 796 :
336 725 501 823 alipedem
516 751 626 821 prona
641 728 770 796 cervice
785 724 920 794 tenebat

133 851 297 919 Fatorum
314 852 471 945 ignarum
489 847 637 936 domini,
656 845 832 941 solumque
847 845 1041 914 frementem

134 969 244 1057 Quod
270 986 381 1061 vacet,
401 971 504 1062 inque
524 970 612 1038 acies
630 967 808 1038 audentior
828 965 885 1036 ille
905 965 1082 1061 pedestres.

135 1092 236 1158 Hunc
253 1069 512 1186 adsperiiantem
528 1088 658 1158 tumido
678 1113 767 1156 nova
778 1086 928 1182 pondera
947 1101 1043 1180 tergo

130 1205 263 1302 (Unam
282 1214 407 1306 quippe
428 1235 566 1280 manum
582 1209 718 1278 domitis
737 1222 894 1302 expertus
913 1207 956 1275 ab
976 1205 1093 1302 annis)

136 1333 306 1427 Corripit,
326 1332 540 1426 affaturque:
557 1329 675 1420 «Quid
695 1354 715 1399 ο
733 1353 820 1400 nova
835 1331 930 1424 jussa
948 1352 1099 1416 recusas,

135 1449 258 1520 Infelix
276 1451 433 1547 sonipes?
450 1476 616 1545 nusquam
636 1451 695 1519 tibi
713 1445 812 1521 dulce
833 1450 969 1545 superbi

137 1573 240 1665 Regis
258 1597 368 1642 onus:
388 1598 457 1642 non
471 1574 543 1666 jam
563 1569 675 1641 AEtolo
693 1571 856 1641 satiabere
875 1596 1016 1665 campo,

138 1693 420 1788 Gaudentemque
433 1693 552 1788 jubam
573 1717 634 1787 per
648 1707 765 1787 stagna
781 1689 942 1762 Acheloia
961 1689 1078 1760 solves.

136 1811 240 1900 Quod
260 1829 428 1908 superest,
450 1825 566 1901 caros,
586 1815 618 1900 i,
639 1810 755 1882 saltem
772 1810 931 1881 ulciscere
948 1835 1081 1899 manes,

136 1937 205 2002 Aut
220 1959 376 2028 sequere3
395 1951 565 2004 extorrem
581 1960 646 2004 neu
664 1947 700 2002 tu
718 1957 852 2027 quoque
871 1932 992 2001 laeseris
1010 1931 1164 2000 umbram

137 2056 316 2148 Captivus,
335 2056 567 2150 tumidumque
584 2055 729 2148 equitem
750 2066 827 2147 post
841 2051 954 2147 Tydea
972 2066 1123 2145 portast

137 2173 298 2264 Audisse,
316 2201 557 2269 accensumque
571 2189 666 2270 putes
681 2200 690 2243 :
705 2175 770 2242 hoc
790 2171 929 2241 fulmine
956 2186 1089 2265 raptum

137 2294 303 2383 Abstulit,
321 2310 356 2365 et
374 2296 498 2366 similes
517 2298 628 2364 minus
645 2293 841 2389 indignatur
855 2292 1013 2361 habenas.

186 2416 329 2485 Semifer
347 2419 439 2486 aeria
460 2415 534 2486 talis
555 2419 744 2487 Centaurus
764 2415 807 2484 ab
826 2417 911 2484 Ossa

138 2535 258 2606 Desilit
278 2519 454 2606 in'valles:
471 2539 582 2632 ipsum
599 2561 737 2606 nemora
752 2533 819 2606 alta
836 2536 1055 2620 tremiscunt,

130 2659 285 2750 ¹Campus
299 2681 438 2751 equum.
456 2656 594 2752 Trepidi
610 2682 710 2727 cursu
729 2655 959 2751 glomerantur
977 2653 1097 2723 anhelo

137 2776 361 2845 Labdacidae:
382 2779 505 2872 premit
524 2775 581 2846 ille
600 2801 715 2871 super,
737 2778 984 2871 necopinaque
1001 2776 1090 2844 ferro

139 2894 233 2964 Colla
252 2913 379 2967 metens
396 2895 519 2990 linquit
537 2912 672 2966 truncos
690 2911 767 2991 post
785 2911 879 2991 terga
897 2895 1063 2964 cadentes.
1135 2915 1139 2924 ’

186 3021 336 3087 Ventum
353 3032 425 3086 erat
442 3017 483 3085 ad
502 3015 642 3086 fluvium
661 3044 670 3085 t
690 3016 788 3085 solito
806 3031 888 3085 tunc
902 3015 1035 3111 plenior
1052 3014 1163 3104 alve0,

139 3139 243 3232 Signa
258 3137 359 3226 mali,
379 3161 502 3232 magna
518 3161 552 3206 se
569 3135 657 3205 mole
675 3140 827 3205 Ismenos
848 3136 978 3232 agebat.

137 3256 198 3327 Illa
217 3258 329 3326 brevis
347 3261 497 3352 requies3
517 3257 576 3327 illo
594 3257 710 3326 timida
729 3258 863 3352 agmina
881 3255 1001 3326 lassam

137 3383 189 3448 De
203 3367 329 3473 campis
346 3405 444 3476 egere
461 3381 576 3476 fugam
597 3406 605 3448 :
625 3393 737 3474 stupet
753 3374 885 3476 hospita
900 3377 982 3447 belli

138 3497 239 3568 Unda
255 3501 364 3586 viros,
386 3500 544 3596 claraque
565 3525 736 3570 armorum
754 3497 945 3570 incenditur
966 3499 1096 3569 umbra.

137 3617 300 3689 insiluere
316 3621 411 3690 vadis
430 3648 437 3690 ε
458 3647 647 3717 magnoque
664 3621 797 3717 fragore
816 3619 944 3690 solutus

136 3746 261 3836 Agger,
275 3755 311 3810 et
328 3741 472 3812 adversa
490 3740 661 3812 latuerunt
677 3739 815 3837 pulvere
828 3743 920 3835 ripae.

137 3859 197 3930 Ille
215 3885 348 3957 quoque
368 3862 504 3934 hostiles
523 3855 610 3934 saltu
625 3867 752 3958 majore
765 3889 826 3959 per
842 3863 951 3933 undas

136 3983 241 4074 irruit
258 3983 409 4052 attonitis
428 3984 585 4082 (longum
607 3985 775 4055 dimittere
791 3984 979 4083 habenas),

136 4103 229 4172 Sicut
246 4119 336 4182 erat.
357 4120 486 4177 tautum
505 4106 604 4176 viridi
623 4106 733 4177 delixa
752 4131 936 4203 parumper
