3192 5148
372 425 390 481 8
729 427 759 480 P.
779 425 901 482 PUBLII
924 425 1045 480 STATll

375 547 573 643 Mplexum
592 551 706 619 niveos
725 567 846 646 optatae
863 552 1014 645 conjugis
1033 563 1124 618 artus

370 668 523 738 Florib'us
539 671 722 739 innumeris
740 686 773 740 et
791 670 895 740 olenti
913 695 1068 766 spargere
1085 669 1212 738 nimbo.

370 791 421 856 Tu
438 788 539 856 modo
555 789 666 858 fronte
682 815 786 876 rosas,
804 789 900 859 violis
916 789 1016 858 modo
1034 787 1104 856 lilia
1121 789 1224 857 mixta

370 910 519 1002 Encipis,
538 923 572 979 et
588 908 732 978 dominae
748 912 853 978 niveis
869 935 888 978 a
903 909 1049 978 vultibus
1066 909 1190 977 obstas.

418 1033 507 1122 Ergo
525 1027 594 1097 dies
611 1028 725 1097 aderat
741 1034 921 1098 Parcarum
940 1028 1093 1098 conditus
1109 1026 1185 1096 albo

369 1144 517 1234 Vellere,
536 1172 603 1240 quo
621 1146 729 1216 Stellae
745 1145 1016 1242 Violantillaeque
1031 1148 1197 1242 professus

371 1264 581 1336 Clamaretur
596 1271 737 1360 Hymen.
757 1267 887 1338 Cedant
902 1293 1056 1362 curaeque
1073 1282 1263 1362 metusque,

371 1387 510 1454 Cessent
526 1385 700 1456 mendaces
720 1385 847 1480 obliqui
864 1388 1020 1456 carminis
1037 1401 1143 1474 astus3

370 1507 488 1591 Fama,
505 1518 576 1574 tace
595 1532 604 1574 ε
623 1507 724 1576 subiit
742 1505 845 1600 leges,
861 1512 895 1575 et'
910 1507 1005 1575 frena
1020 1506 1202 1577 momordit

370 1623 432 1694 Ille
449 1623 576 1695 solutus
593 1651 712 1695 amor:
732 1640 928 1721 consumpta
945 1641 994 1695 est
1010 1624 1122 1695 sabula
1138 1625 1247 1722 vulgi,

371 1749 414 1814 Et
431 1759 567 1814 narrata
583 1745 640 1814 diu
659 1745 815 1814 viderunt
830 1744 943 1815 oscula
958 1747 1056 1815 cives.

372 1866 424 1931 Tu
441 1878 553 1933 tamen
569 1855 750 1951 attonitus,
766 1866 917 1960 quamvis
933 1864 1009 1934 data
1026 1866 1123 1959 copia
1141 1878 1240 1934 tantae
1263 1885 1265 1890 ·

372 1983 505 2071 Noctis,
521 1982 631 2052 adhuc
647 1976 758 2078 optas,
774 1986 1000 2078 permissaque
1016 1985 1155 2052 numine
1172 1983 1289 2052 dextro

373 2103 461 2170 Vota
480 2127 590 2196 pares.
608 2106 714 2191 Pone,
732 2097 889 2190 odulcis,
905 2103 1061 2197 suspiria,
1078 2117 1185 2189 vates,
1252 2153 1254 2159 -

372 2224 464 2289 Pone
477 2247 486 2291 ε
497 2236 554 2290 tua
572 2234 630 2289 est.
648 2224 743 2291 Licet
759 2224 945 2316 expositum
965 2220 1025 2314 per
1041 2219 1144 2289 limen
1162 2234 1278 2313 aperto

373 2343 442 2426 Ire,
459 2340 583 2427 redire,
601 2340 708 2436 gradu
728 2366 736 2409 τ
751 2343 821 2435 jam
838 2341 1003 2432 nusquam
1014 2341 1151 2434 janitor,
1169 2353 1227 2406 aut
1242 2337 1314 2424 lex,

374 2462 444 2527 Aut
459 2459 570 2552 pudor
586 2485 594 2527 τ
613 2459 769 2553 amplexu
786 2459 921 2527 tandem
936 2459 1056 2526 satiare
1075 2461 1186 2552 petilae

374 2579 553 2674 Conjugis,
572 2593 605 2647 et
622 2579 722 2648 duras
737 2577 1091 2672 pariter'reminiscerc
1107 2592 1230 2647 noctes.

374 2699 488 2792 Digna
503 2696 639 2792 quidem
658 2721 798 2786 merces,
815 2698 891 2767 etsi
907 2697 967 2765 tibi
984 2701 1004 2766 J
1005 2721 1074 2766 uno
1090 2694 1220 2766 labores

376 2815 572 2905 Herculeos,
593 2818 712 2912 Stygiis
728 2831 762 2886 ct
778 2817 805 2886 si
820 2841 1019 2887 concurrere
1035 2816 1191 2884 monstris

375 2939 458 3005 Fata
473 2935 606 3023 darent,
623 2938 651 3006 si
668 2939 823 3031 Cyaneos
838 2943 993 3030 raperere
1009 2961 1070 3030 per
1086 2950 1192 3004 aestus.

376 3061 472 3125 llanc
491 3070 630 3151 propter
642 3057 770 3149 justum
783 3056 887 3126 Pisaea
902 3054 975 3151 lege
991 3069 1189 3125 trementem

377 3179 538 3263 Currere,
557 3189 591 3244 et
605 3178 773 3247 OEnomai
791 3176 941 3246 fremitus
957 3175 1073 3246 audire
1088 3177 1265 3270 sequentis.

377 3299 450 3367 Nec
464 3298 492 3364 si
506 3296 677 3366 Dardania
693 3311 806 3391 pastor
824 3299 1018 3366 temerarius
1032 3296 1093 3365 Ida
1128 3379 1134 3392 Ι

378 3414 542 3504 Scdisscs,
559 3416 629 3486 haec
644 3416 733 3485 dona
748 3417 883 3487 forent:
902 3441 964 3485 nec
980 3418 1027 3485 sic
1043 3414 1131 3485 alma
1147 3441 1207 3510 per
1223 3441 1320 3486 auras

345 3613 350 3632 Ι
377 3539 425 3606 Te
441 3538 552 3631 potius
568 3561 688 3630 prensa
704 3535 840 3605 veheret
853 3536 1012 3605 Tithonia
1029 3536 1116 3630 biga.

426 3655 491 3726 Sed
508 3681 582 3751 quae
597 3680 695 3725 causa
711 3669 801 3725 toros
817 3656 1022 3749 inopinaque
1037 3655 1158 3750 gaudia
1174 3658 1242 3726 vati

379 3773 519 3862 Attulit,
536 3776 592 3844 hic
606 3800 752 3862 mecum,
769 3775 850 3843 dum
868 3775 998 3844 fervent
1013 3776 1146 3870 agmine
1163 3790 1272 3870 postes

379 3897 565 3990 Atriaque,
581 3911 614 3965 et
628 3894 735 3966 multa
750 3893 927 3989 pulsantur
943 3893 1060 3964 limina
1075 3897 1185 3990 virga,
1278 3909 1281 3916 '

380 4015 457 4102 llic,
471 4019 574 4086 Erato
588 4015 752 4110 jucunda,
768 4015 851 4086 doce
867 4042 876 4085 ε
894 4029 990 4086 vacat
1006 4029 1085 4110 apta
1100 4041 1235 4086 movere
