3206 5136
410 488 451 543 ΙΝ
471 487 503 543 Ρ.
526 487 557 542 P.
579 484 708 542 STATII
727 484 822 541 SILV.
842 486 913 541 LIB.
935 485 987 540 IV.
1162 488 1216 542 281

170 602 304 679 ambigo,
319 602 390 677 quin
403 603 508 658 Brutus
521 599 569 656 ille
581 598 727 656 tamitiuis
742 599 888 656 Ciceronis
901 600 1084 678 intelligatur.
1098 599 1143 656 De
1157 622 1218 678 quo

170 695 301 770 apertior
314 693 395 750 Fabii
408 697 490 750 locus
507 693 538 748 in
551 693 678 768 Dialogo
698 693 734 749 de
748 693 906 749 oratoribus
918 689 954 769 (c.
970 689 1040 769 xxi)
1054 712 1061 747 ι
1076 693 1219 751 «Brutum

168 785 360 860 pbilosophis!
375 803 433 842 sors
452 785 657 859 relinquamus.
670 785 741 840 Nam
755 784 788 840 in
804 784 984 841 orationibus
1001 784 1219 842 minorenesse

169 879 247 934 famu
268 895 336 949 sua,
354 877 440 933 etiam
461 877 648 933 admiratores
667 875 730 949 ejus
742 875 870 932 letentur
883 896 891 930 r
906 875 961 931 nisi
980 874 1056 932 sorte
1067 874 1218 954 quispiam

170 970 256 1026 Bruti
274 987 330 1043 pro
349 971 489 1043 Dejotaru
503 985 576 1049 'rege
594 979 763 1046 murosque
783 968 911 1044 ejusdem
929 967 1106 1027 lentitudinis
1125 980 1154 1028 et
1171 981 1218 1029 te-

171 1063 253 1138 poris
272 1063 362 1124 libros
375 1062 463 1140 legit,
481 1063 537 1122 nisi
557 1073 586 1120 et
608 1063 734 1120 earmina
754 1063 920 1120 eorumdem
935 1063 1055 1120 miratur
1069 1083 1076 1119 ε
1090 1063 1221 1122 leoensnt

170 1155 291 1214 enimet
306 1157 431 1214 earmina
444 1167 473 1213 et
490 1157 521 1213 in
540 1156 729 1213 bibliothecas
749 1159 923 1229 retulensnt,
936 1175 997 1213 non
1009 1157 1110 1213 melius
1132 1175 1218 1233 quum

171 1248 289 1320 Cicero,
316 1259 345 1305 at
367 1248 490 1319 felisius,
519 1246 590 1322 quia
606 1248 671 1304 illos
696 1247 794 1305 lesisse
809 1250 965 1324 pauciores
977 1249 1095 1305 soriam·
1108 1251 1220 1321 Gron,

171 1358 203 1415 p.
220 1341 288 1398 300.

218 1433 339 1489 furtim
357 1433 487 1488 condrlm
510 1431 605 1486 menti
616 1427 656 1509 (r.
676 1427 736 1510 27).
751 1455 764 1482 α
776 1433 867 1490 lbrbo
881 1452 978 1502 ruens,
996 1444 1072 1490 meta
1086 1433 1215 1507 inversa,

169 1543 236 1600 qun
256 1537 299 1582 est
318 1523 412 1600 figura
430 1525 534 1580 barum
555 1523 695 1580 moreium
713 1537 927 1600 compactarum
955 1526 1040 1582 etium
1061 1527 1188 1584 hodie.»

1072 1621 1157 1677 Wss.

210 1711 346 1766 Altonum
359 1710 480 1764 caticum
493 1706 531 1784 (r.
547 1705 607 1788 45).
620 1711 736 1767 Salmas.
751 1713 920 1778 divorum,
933 1714 989 1768 cul.
1002 1711 1150 1770 Heinsius:
1160 1715 1219 1772 Ob-

168 1803 326 1870 borum,·c.
340 1801 415 1858 Vide
432 1802 550 1857 Maus.

212 1893 291 1965 Quid
298 1895 315 1948 θ
327 1893 356 1947 ri
366 1909 452 1966 quum
467 1888 584 1969 bene(v.
600 1891 637 1960 is
651 1889 736 1970 sqq).
750 1892 878 1950 «Statius
889 1894 947 1950 boe
960 1897 1022 1950 vult
1035 1915 1043 1950 τ
1058 1896 1088 1953 Si
1101 1915 1156 1973 ego
1166 1897 1219 1953 tibi

166 1995 257 2059 porto
276 1984 531 2055 matutinorum,
553 2003 704 2058 aequuum
718 1996 760 2041 est
773 1996 816 2055 te,
829 1995 910 2041 tanto
927 1987 1121 2061 superiorem,
1141 1991 1219 2046 salu-

167 2077 286 2134 tationis
299 2077 391 2132 ricem
403 2075 474 2130 mihi
485 2075 627 2132 reddero?
641 2076 767 2134 absurda
778 2077 838 2133 lusu
852 2088 925 2134 esset
937 2078 1016 2136 telio.
1032 2103 1044 2130 s
1058 2083 1177 2138 nnus.

559 2341 601 2396 lli
621 2341 772 2398 LIBRUM
792 2341 828 2398 V.

209 2539 364 2594 Errsrons.
386 2537 498 2593 «Libro
511 2537 615 2612 quinto
633 2537 772 2594 Sr‘luamm
788 2537 864 2594 bene
882 2553 938 2592 nos
955 2536 1069 2592 monuit
1085 2539 1117 2594 P.
1134 2538 1215 2596 Seri-

166 2629 279 2700 verius,
293 2628 489 2704 praeiationem
506 2629 543 2686 ad
555 2630 693 2686 Ab.·n0u
714 2629 803 2686 totius
824 2627 907 2698 libri,
924 2628 974 2685 sod
991 2628 1089 2702 primae
1104 2639 1216 2688 tunnun

167 2721 252 2778 Silvae
264 2741 333 2778 esse.
349 2746 362 2771 ι
380 2723 496 2792 (ison,
513 2741 542 2796 p.
558 2721 625 2778 302.

208 2816 306 2891 Vulgo
326 2815 445 2872 deerant
456 2815 566 2870 rooulae
586 2828 630 2870 est
643 2825 690 2882 et,·
706 2832 795 2890 qrsare
811 2810 977 2870 Gronovius
991 2813 1072 2886 prius
1092 2817 1216 2889 conjecit

166 2925 277 2962 monem
297 2917 406 2962 tuorum
418 2925 503 2980 pur,
521 2905 541 2961 i.
560 2924 584 2962 e.
600 2907 682 2982 quies
703 2925 711 2962 t
734 2904 917 2975 «Notabilis,
935 2905 1044 2980 inquit,
1061 2907 1215 2980 prudentia

165 2998 270 3056 summi
282 2998 372 3069 vatis,
389 3008 418 3054 et
437 2999 534 3055 seculo
551 3017 605 3056 suo
622 2998 696 3069 neti,
715 2997 908 3071 nemorisque
926 3015 956 3052 se
975 2997 1029 3054 sub
1046 2999 1214 3058 Domitiano

164 3089 277 3160 rivere3
292 3089 358 3164 qui,
380 3107 629 3165 quorumcumque
649 3109 720 3165 opos
741 3108 775 3146 ao
795 3088 932 3145 virtutem
950 3087 1065 3158 laudnt,
1078 3089 1112 3146 iis
1129 3091 1214 3148 etiam

164 3179 402 3255 tranquillitatem
417 3181 570 3237 attribuit:
583 3181 612 3237 lu
631 3199 657 3239 e.
677 3192 828 3238 contentos
841 3195 900 3236 esse
921 3179 1109 3252 praesentibus
1131 3183 1213 3254 tutis,

165 3291 221 3330 neo
233 3275 318 3330 malle
332 3272 501 3347 periculosa
515 3275 631 3331 »Multa
644 3273 681 3331 de
694 3273 748 3332 hae
760 3291 792 3330 re
805 3271 925 3347 pulchra
931 3268 1080 3341 dissensit,
1094 3291 1123 3347 p.
1140 3274 1214 3331 303-

167 3367 235 3440 ³⁰9·
250 3365 307 3422 Sed
319 3375 385 3440 post
400 3363 431 3420 in
445 3365 490 3421 ed.
504 3365 587 3422 Statii
605 3365 741 3440 probarit
754 3363 837 3440 quod
848 3361 953 3439 purim
971 3379 988 3418 e
1005 3363 1091 3422 codd.
1110 3366 1211 3422 Markl.

164 3455 261 3527 dedit,
275 3475 362 3532 quem
373 3455 457 3526 vide3
472 3445 574 3532 iusqq.
590 3457 690 3530 etiarn,
703 3457 755 3514 ubi
765 3456 846 3514 vocis
856 3454 998 3529 officiosus
1011 3454 1048 3512 de
1062 3455 1213 3516 clientibus

162 3567 248 3606 usum
262 3547 392 3624 explicat.

205 3641 299 3698 essu.
316 3641 340 3697 l.
354 3639 408 3698 Ed.
417 3651 474 3698 ret.
490 3642 669 3716 :Epioedion
683 3643 713 3700 in
725 3640 889 3700 Priscillam
900 3642 1072 3700 Abascantii
1087 3659 1212 3702 urorum

205 3733 401 3809 Miseromque
414 3751 545 3790 accensu
559 3737 602 3791 ad
614 3755 711 3792 aurem
726 3735 859 3811 conjugis
871 3735 967 3791 orbati
977 3731 1017 3813 (v.
1036 3729 1093 3811 19).
1103 3733 1211 3791 Merito

161 3827 195 3882 in
208 3824 254 3882 bis
264 3823 360 3882 verbis
374 3825 497 3883 offendit
509 3827 612 3884 Marll.
629 3828 783 3885 statianam
800 3847 860 3885 osse
872 3827 1048 3884 locutionem
1060 3827 1167 3900 probat
1175 3844 1212 3883 ex

168 3913 323 3983 Thebaid,
343 3934 373 3986 r,
386 3923 422 3988 74
442 3935 450 3974 ε
465 3941 477 3968 ι
494 3916 681 3995 Placidnsque
696 3937 824 3977 nocuus
843 3919 882 3976 ad
894 3937 990 3990 ausen
1004 3941 1020 3970 s
1037 3917 1087 3976 sed
1106 3917 1213 3974 deinde

161 4016 253 4082 Ιπίχιι.
267 4007 332 4063 Pro·
342 4025 417 4064 rous
429 4009 563 4065 mr'seram
580 4021 762 4086 exspectatur
773 4015 869 4068 nullus
887 4011 933 4067 rel
952 4013 1066 4066 clausus
1086 4010 1131 4064 rel
1153 4008 1208 4064 ali-

158 4095 233 4170 quid
243 4095 396 4169 qiusmodi
405 4099 542 4175 lingendo
559 4101 653 4175 apices
665 4101 823 4160 litterarum
832 4111 941 4159 tentare
952 4118 1050 4175 posses
1065 4112 1212 4156 nouerant-
