3148 5132
321 485 324 496 ’
386 489 446 548 282
761 485 1058 542 'ADNOTATIONES

385 626 441 684 que
459 621 589 662 accessus
604 605 648 660 ad
664 619 776 669 aarum,
798 602 822 658 ei
838 601 956 678 quidem
977 603 1008 659 in
1029 602 1179 678 superiore
1200 603 1293 662 adhue
1314 608 1433 664 mrmine

386 699 424 756 ad
441 696 566 756 Plotium
580 713 768 752 veremur.

428 791 529 846 omnir
557 799 711 844 matertera
737 785 777 864 (v.
801 783 861 865 25).
887 787 994 843 Omnes
1018 789 1125 858 Musa,
1146 805 1261 845 sorores
1280 789 1434 864 Calliopes,

386 883 484 940 manis
496 880 614 956 Orphei.
632 911 672 924 -
688 881 754 954 Seq.
773 898 801 934 v.
816 891 919 956 tegeret
935 889 977 934 est
995 879 1190 936 comitaretur.
1206 883 1241 936 V.
1256 884 1375 938 Mum.

425 976 526 1030 Mater
544 972 684 1029 Achilleis
703 968 741 1050 (v.
758 969 822 1046 36).
841 969 952 1041 Thetis,
966 969 1071 1030 fluctuo
1085 972 1203 1030 allidens
1211 974 1297 1031 busto
1311 973 1433 1030 Aehiiiit.

385 1067 458 1125 eod.
472 1064 594 1140 Rhedig.
609 1064 640 1120 in
653 1083 734 1139 seqq.
752 1085 759 1119 τ
775 1063 942 1138 effringere.

426 1161 548 1218 censore
575 1155 614 1235 (r.
648 1153 707 1234 ta).
732 1155 914 1215 Domitianus
937 1155 967 1212 in
990 1172 1109 1214 censura
1129 1157 1350 1230 laudatissimut3
1371 1159 1435 1216 vide

383 1256 537 1323 Gnouton,
555 1269 585 1324 p.
601 1257 657 1316 atr
675 1267 737 1324 sqq.
752 1250 790 1308 Et
804 1247 930 1324 probare
943 1248 1096 1323 proprium
1109 1248 1230 1305 verbum
1250 1251 1286 1306 de
1309 1251 1436 1306 comori-

384 1348 448 1404 bus.
462 1343 536 1400 Vide
550 1342 652 1399 citatos
665 1360 682 1397 a
695 1341 801 1397 Markl.
816 1339 853 1396 ad
866 1359 893 1396 v.
912 1339 957 1407 45.

423 1437 578 1512 Nuptuque
590 1435 675 1507 prior
696 1429 736 1510 (v.
755 1429 812 1508 45).
834 1433 879 1488 Ita
894 1431 997 1487 Marii.
1013 1449 1029 1486 e
1045 1431 1121 1503 conj.
1140 1434 1277 1492 Turnebi.
1298 1434 1391 1490 eodo
1408 1446 1437 1490 et

385 1530 450 1587 edd.
465 1548 473 1583 ε
493 1539 684 1602 nuptumque,
699 1525 746 1580 de·
756 1542 816 1598 quo
831 1534 909 1580 reete
923 1523 1066 1580 Weberus
1080 1543 1088 1580 :
1104 1547 1117 1574 ι
1131 1525 1244 1598 Nuptus
1257 1537 1298 1582 est
1311 1545 1367 1600 pro
1380 1546 1437 1582 nu-

382 1623 469 1700 ptiis3
488 1631 517 1676 et
536 1621 583 1676 vel
605 1619 628 1675 si
650 1631 770 1692 nuptum
784 1635 840 1690 pro
867 1627 971 1672 neutro
995 1617 1139 1690 participii
1163 1618 1328 1674 habendum
1349 1630 1437 1688 esset,

387 1727 461 1771 stare
478 1717 610 1786 poterat,
623 1730 667 1768 ex
688 1729 770 1766 more
788 1709 876 1782 hujus
891 1707 944 1764 aevi
961 1719 1130 1782 poetarum3
1150 1721 1183 1765 ut
1196 1712 1329 1766 Lucanus
1345 1711 1438 1768 statim

386 1807 422 1864 ab
443 1805 525 1861 initio
541 1817 678 1860 certatum
694 1803 769 1860 dixit
782 1821 839 1876 pro
859 1800 1021 1858 certamine.
1037 1825 1050 1850 »

428 1899 518 1954 Unum
531 1899 639 1952 uovirre
647 1897 738 1952 cubile
752 1891 792 1974 (v.
809 1893 845 1950 55
855 1891 922 1971 sq.).
937 1893 1084 1949 «Videtur
1100 1894 1156 1950 sibi
1169 1896 1276 1952 Statim
1289 1895 1437 1952 contradi-

386 2008 465 2059 cere,
482 1989 506 2045 si
524 1987 655 2045 conferas
673 2005 702 2043 v.
718 1984 756 2054 rt
758 2029 806 2042 .....
829 1984 887 2042 Sed
903 1985 1038 2041 lenienda
1051 1985 1249 2059 interpretatio
1268 1999 1327 2057 est,
1345 1999 1374 2043 et
1392 1988 1438 2042 in·

276 2107 278 2110 ·
385 2081 555 2160 telligendur
574 2081 680 2138 Statius
702 2079 785 2154 quusi
805 2079 923 2136 dixisset
940 2097 947 2133 ε
968 2079 1122 2152 Postquam
1136 2083 1186 2134 tua
1201 2099 1279 2136 uxor
1291 2081 1367 2136 taeta
1382 2091 1439 2150 est,

387 2176 431 2230 tui
446 2174 527 2230 untur
549 2173 631 2229 novit
652 2171 762 2241 cubile,
782 2171 826 2226 tui
840 2171 922 2225 anim
947 2189 1045 2226 amore
1065 2169 1214 2226 ardebat.»
1234 2173 1352 2226 Minu.
1375 2173 1439 2226 Her

386 2264 587 2340 interpretatio
602 2263 789 2338 sequentibus
807 2260 1002 2318 confirmatur.

433 2358 512 2430 Quid
535 2359 654 2422 Arctos,
684 2355 755 2428 quid
773 2349 884 2408 Boreos
903 2348 941 2429 (v.
962 2350 1022 2430 81).
1042 2352 1214 2427 Tautoiogia
1233 2371 1294 2408 non
1314 2352 1440 2409 serenda.

388 2453 472 2508 Certa
493 2449 553 2505 haec
571 2447 770 2503 emendatione
792 2445 961 2502 iristauravit
984 2444 1102 2515 Mariti,
1121 2449 1227 2500 Auster
1243 2445 1370 2502 scribens
1386 2465 1441 2521 pro

388 2541 507 2608 Aretes,
523 2547 557 2594 ut
573 2539 633 2612 jam
647 2538 753 2595 habeas
773 2548 903 2613 quatuor
921 2537 1024 2593 mundi
1037 2538 1148 2611 plagae,
1166 2548 1276 2608 ortum,
1291 2557 1442 2606 occatam,

388 2637 526 2691 Austmm
546 2643 575 2686 et
593 2633 723 2686 Boream.

432 2723 536 2780 Omnia
556 2741 625 2778 nam
643 2725 727 2776 loetas
739 2717 777 2799 (v.
792 2741 830 2798 92
844 2719 909 2799 sq.).
929 2723 1013 2776 «Rea
1026 2723 1102 2776 laetas
1117 2731 1146 2776 et
1163 2721 1237 2776 bene
1256 2733 1348 2796 gestas
1362 2743 1441 2778 uuu-

388 2815 486 2872 tiaturi
501 2833 562 2870 non
581 2813 675 2870 solani
688 2833 755 2870 curn
768 2814 879 2872 tabellis
893 2813 1038 2884 iuuentis,
1052 2813 1103 2870 sed
1122 2815 1207 2870 etiem
1225 2815 1342 2872 summio
1353 2816 1440 2872 hastis

387 2911 471 2964 lauro
487 2907 596 2964 vestitis
613 2907 785 2978 veniebant3
801 2925 837 2962 ex
851 2905 1009 2975 contrario,
1024 2905 1135 2979 quires
1152 2905 1284 2962 turbidas
1296 2917 1325 2962 et
1335 2907 1444 2981 impro·

387 3015 483 3074 sperae
503 3009 554 3054 aut
573 3015 666 3054 novos
684 3010 781 3054 motus
799 2997 831 3053 iu
847 2997 1004 3072 prorinoiis
1019 2995 1157 3054 excitatos
1174 3009 1224 3053 aut
1241 2997 1349 3054 bellum
1367 3019 1443 3056 naa-

388 3092 512 3161 ouant,
536 3090 579 3146 rei
598 3090 685 3146 tristis
698 3089 838 3146 indicium
859 3089 956 3164 pinnis
976 3089 1007 3144 in
1030 3107 1143 3145 summo
1162 3090 1304 3146 hastarum
1326 3091 1442 3148 tanea-

386 3191 487 3240 ramre
510 3181 575 3239 tirio
597 3183 796 3256 praeferebant.
812 3207 825 3234 ι»
851 3186 963 3254 (hon,
989 3202 1019 3256 p.
1045 3184 1102 3239 310
1128 3199 1171 3256 eq.
1201 3200 1235 3238 ex
1260 3181 1380 3239 Salmas.
1405 3183 1443 3240 ad

387 3278 492 3334 Hirmr.
504 3280 595 3352 Auge,
610 3275 669 3331 voi
682 3293 710 3345 r,
728 3293 758 3350 p.
778 3277 869 3347 10²3,
884 3277 1018 3350 pluribus
1031 3275 1091 3331 heo
1105 3274 1243 3348 probans.
1254 3277 1348 3331 Recto
1362 3276 1444 3347 judi-

388 3369 433 3426 cio
452 3367 556 3426 deinde
576 3368 681 3424 Mariti.
694 3359 817 3439 Jitmoia
839 3366 871 3424 in
886 3364 1028 3424 donatore
1048 3367 1219 3424 mutandum
1236 3367 1354 3438 suadet,
1374 3367 1443 3442 qnia

387 3463 467 3518 voeir‘
472 3463 608 3534 famosus
621 3460 760 3518 iurnalem
774 3472 886 3535 purtem
899 3472 987 3536 capta
1001 3460 1085 3518 Statii
1098 3469 1179 3517 aetate
1191 3479 1252 3517 non
1264 3460 1362 3535 gerru
1375 3461 1444 3516 eatis

389 3551 561 3608 documenta
580 3561 700 3607 exstant.
1271 3598 1275 3606 .

432 3645 561 3700 Pandere
573 3645 636 3719 quit
649 3657 759 3700 eentum
777 3641 814 3723 (v.
836 3645 875 3720 95
890 3642 954 3724 ιφ).
972 3645 1094 3720 Egregie
1111 3645 1170 3700 hac
1188 3645 1309 3700 illusoat
1328 3644 1441 3699 Salma-

389 3737 447 3794 sius
460 3737 539 3810 apud
547 3739 695 3807 Gronov„
710 3739 803 3794 Drirtr.
812 3777 822 3806 ‚
836 3755 867 3812 p.
883 3739 937 3796 311
953 3757 1035 3812 sqq„
1050 3748 1079 3793 et
1090 3737 1210 3794 Eremt.
1225 3737 1338 3802 Annii,
1349 3753 1379 3809 p.
1389 3735 1445 3805 ud,

390 3827 473 3901 eujus
493 3827 695 3901 disputationis
709 3847 849 3886 summam
862 3830 902 3886 ita
917 3829 1015 3886 reddit
1029 3829 1131 3886 Murki
1142 3849 1149 3884 :
1161 3853 1174 3880 ι
1188 3831 1231 3884 De
1245 3828 1298 3884 ilio
1310 3827 1445 3901 loquitur

390 3917 514 3990 Statius,
532 3919 584 3994 qui
604 3931 724 3993 preerat
744 3933 859 3978 eentum
875 3923 1021 3998 equitibus
1035 3921 1207 3998 legionariis.
1230 3923 1358 3976 Frerrare
1375 3935 1446 3974 een-

391 4025 450 4066 tum
472 4027 559 4086 equor
573 4021 615 4067 eet
634 4011 741 4069 dooere
756 4014 803 4070 vel
815 4029 935 4090 praeese
947 4027 1062 4072 centurn
1083 4014 1247 4090 equitiboe3
1265 4013 1447 4068 nunninus

391 4105 543 4179 manipiis,
558 4103 627 4176 quia
642 4105 671 4160 hi
688 4105 800 4180 equitet
812 4125 866 4180 per
881 4107 1058 4182 manipulos,
1080 4109 1130 4184 qui
1149 4117 1231 4163 erant
1245 4104 1383 4180 legionis,
1397 4103 1448 4160 di-
