3206 5136
434 439 450 498 t
736 437 952 496 mesmes
974 441 1084 497 mem
1105 441 1154 496 rv.

1391 438 1430 498 (v-
1444 439 1499 496 ³4.)

481 529 573 627 Idem
590 561 739 648 babitus,
758 563 876 634 eadem
892 589 985 633 arma
1004 568 1093 653 viro,
1113 589 1186 658 quae
1206 564 1336 632 debitus
1356 564 1496 655 hospes

430 679 578 747 Hiberna
599 680 661 749 sub
678 696 776 749 nocte
795 680 882 750 tulit.
901 683 1120 753 Theumesius
1139 681 1256 778 implet

428 799 537 891 Terga
555 796 607 866 leo
627 825 636 866 ε
653 801 788 892 gemino
805 799 920 870 lucent
937 800 1069 870 hastilia
1086 802 1198 871 ferro:

427 919 553 1008 Aspera
570 915 730 988 vulnifico
750 921 865 988 subter
883 920 967 989 latus
987 945 1065 990 ense
1083 923 1170 1016 riget
1185 923 1323 1016 Sphinx.

425 1036 498 1101 Jam
520 1060 662 1130 regnum
679 1040 863 1132 matrisque
882 1041 991 1124 sinus,
1011 1040 1160 1133 fidasque
1179 1065 1336 1118 sorores.¹

426 1155 492 1246 Spe
509 1156 662 1247 votisque
680 1170 794 1226 tenet:
813 1173 926 1226 tamen
945 1173 978 1226 et
996 1158 1038 1227 de
1056 1173 1148 1228 turre
1166 1184 1319 1253 suprema

422 1275 627 1360 Attonitam,
646 1290 784 1369 totoque
800 1293 986 1346 exstantem
1004 1303 1145 1372 corpore
1163 1278 1261 1373 longe

422 1393 571 1485 Respicit
588 1396 715 1489 Argian
732 1421 740 1464 :
759 1396 829 1465 baec
847 1412 994 1466 mentem
1012 1397 1194 1491 oculosque
1212 1399 1342 1470 reducit

422 1513 599 1605 Conjugis,
617 1528 651 1581 et
670 1513 784 1584 dulces
805 1518 926 1584 avertit
946 1532 1080 1610 pectore
1099 1518 1238 1588 Thebas.

469 1634 554 1700 Ecce
572 1635 659 1701 inter
677 1634 803 1702 medios
820 1638 937 1731 patriae
955 1640 1020 1706 ciet
1038 1641 1171 1732 agmina
1188 1641 1297 1732 gentis

420 1747 615 1820 Fulmineus
633 1751 784 1845 Tydeus;
800 1757 870 1849 jam
888 1753 999 1842 laetus,
1019 1772 1053 1826 et
1070 1759 1200 1852 integer
1217 1773 1325 1842 artus,

418 1869 466 1936 Ut
486 1871 631 1962 primurn
649 1885 821 1967 strepuere
838 1876 926 1944 tubae
942 1903 949 1945 :
965 1902 1026 1946 ceu
1043 1877 1190 1950 lubricus
1210 1879 1275 1950 alta

418 1987 545 2079 Anguis
563 1989 667 2058 humo
687 1993 781 2060 verni
798 1991 919 2062 blanda
938 1995 981 2064 ad
998 1999 1179 2092 spiramina
1199 2001 1276 2070 solis

418 2107 581 2199 Erigitur,
600 2107 684 2177 liber
702 2114 813 2200 senio,
834 2128 868 2182 et
884 2113 1113 2208 squalentibus
1131 2124 1228 2192 annis

415 2226 559 2312 Exutus,
579 2224 727 2322 laetisque
745 2231 857 2300 minax
878 2233 1053 2305 interviret
1073 2239 1205 2310 herbis:

416 2342 471 2411 Ab
489 2341 604 2413 miser!
623 2363 791 2442 agrestum
809 2352 836 2419 si
855 2354 930 2445 quis
949 2380 1010 2448 per
1028 2382 1166 2450 gramen
1185 2362 1289 2432 hianti

416 2461 560 2551 Obvius,
580 2481 615 2534 et
632 2469 742 2559 primo
759 2471 932 2541 siccaverit
951 2498 1011 2544 ora
1030 2503 1167 2549 veneno.

464 2583 551 2652 Huic
569 2609 703 2679 quoque
723 2594 1054 2681 praestantes'AEtolis
1072 2601 1211 2671 urbibus
1229 2603 1328 2673 affert

413 2697 496 2768 Belli
518 2701 605 2773 ferna
623 2707 712 2776 viros
731 2712 858 2779 :sensit
876 2714 1051 2808 scopulosa
1069 2719 1210 2813 Pylene,

414 2818 571 2915 Fictaque
591 2829 741 2919 cognatis
757 2830 877 2898 avibus
891 2832 1074 2930 Meleagria
1092 2838 1259 2927 Pleuron,

412 2943 455 3008 Et
476 2965 622 3036 praeceps
643 2943 810 3040 Calydon,
831 2965 864 3020 et
883 2976 957 3044 quae
976 2957 1060 3024 Jove
1081 2976 1240 3051 provocat
1256 2963 1341 3032 Iden

297 3046 303 3056 ’
412 3058 554 3148 Olenos,
573 3065 677 3132 Ioniis
697 3082 730 3134 et
750 3066 909 3138 fluctibus
928 3073 1061 3168 hospita
1082 3093 1182 3170 portu

411 3179 562 3272 Chalcis,
579 3195 612 3251 et
627 3184 791 3255 Herculea
810 3203 966 3284 turpatus
983 3197 1148 3288 gymnade
1164 3198 1277 3270 vultus

410 3295 545 3388 Amnis}
565 3304 677 3374 adhuc
696 3306 771 3374 imis
787 3310 841 3376 vix
860 3324 1013 3382 truncam
1033 3316 1188 3387 attollere
1206 3320 1348 3391 frontem

410 3423 519 3489 Ausus
539 3425 649 3516 aquis,
667 3422 854 3520 glaucoque
872 3447 974 3524 eaput
994 3429 1185 3509 submersus
1206 3443 1240 3510 in
1259 3459 1357 3513 antro

409 3539 530 3607 Moeret
548 3566 555 3608 :
575 3541 770 3614 anhelantes
789 3568 976 3642 aegrescunt
995 3544 1138 3648 pulvere
1153 3561 1244 3654 ripae.

458 3659 626 3730 Omnibus
641 3679 749 3733 aeratae
767 3688 984 3764 propugnant
1001 3691 1137 3769 pectora
1156 3697 1281 3768 crates;

407 3777 546 3872 Pilaque
566 3807 650 3852 saeva
668 3809 789 3874 manu,
810 3791 938 3883 patrius
957 3808 1022 3862 stat
1042 3799 1168 3869 casside
1187 3805 1333 3873 Mavors.

407 3900 568 3994 Undique
587 3908 837 3999 magnanimum
857 3913 963 4004 pubes
982 3915 1110 3986 delecta
1132 3940 1311 4022 coronant.

406 4020 582 4111 OEniden‚
604 4023 743 4095 hilarem
761 4026 869 4116 bello,
887 4035 1043 4129 notisque
1064 4039 1224 4111 decorum
