3206 5136
165 443 200 500 (v.
213 442 284 505 335.)
490 439 704 496 THEBAIDOS
723 439 833 496 LIBER
854 439 889 492 V.

165 569 333 634 lnstamus
343 565 435 658 jactu
452 562 612 651 telorum,
627 580 661 633 et
674 564 780 632 ferrea
794 562 916 632 nimbis

166 691 283 754 Certat
298 685 402 754 hiems
418 709 426 752 :
440 699 608 778 vastaeque
623 682 736 769 sudes,
753 681 914 774 fractique
927 679 1082 767 molares,

142 845 144 848 ·
168 803 387 900 Spiculaque,
407 819 441 873 et
457 802 563 874 multa
582 804 740 872 erinitum
758 799 881 870 missile
896 800 1049 884 flamma,
1265 871 1267 882 ¹

169 927 270 996 Nunc
282 923 414 1018 pelago,
431 949 521 994 nunc
535 947 648 1018 puppe
662 923 787 992 cadunt
801 946 808 988 :
824 920 882 989 dat
894 934 1012 1014 operta
1026 917 1192 1012 fragorem

167 1045 287 1128 Pinus,
301 1060 337 1113 et
349 1045 514 1139 abjunctis
525 1057 703 1139 regemunt
715 1040 864 1112 tabulata
878 1040 1040 1108 cavernis.

105 1147 108 1151 ’
218 1163 336 1234 «Talis
353 1165 568 1260 Hyperborea
587 1162 708 1232 virides
728 1163 804 1230 nive
821 1161 975 1229 verberat
994 1183 1093 1254 agros

168 1287 340 1380 luppiter,
354 1284 509 1354 obruitur
521 1285 647 1377 campis
662 1307 766 1378 genus
782 1307 880 1351 omne
894 1280 1056 1368 ferarum,

168 1409 415 1500 Deprensaeque
431 1385 558 1474 cadunt
575 1401 743 1486 volucres,
761 1417 796 1472 et
813 1403 927 1472 messis
945 1425 1059 1470 amaro

168 1529 280 1595 Strata
300 1523 375 1619 gelu
394 1551 403 1592 :
424 1523 538 1620 fragor
557 1521 634 1596 inde
648 1523 759 1617 jugis,
778 1520 856 1590 inde
872 1521 1026 1590 amnibus
1044 1522 1112 1590 irae.

219 1647 296 1714 «Ut
314 1669 392 1714 vero
410 1643 496 1714 elisit
515 1644 621 1743 nubes
638 1647 720 1713 Jove
739 1656 847 1712 tortus
866 1642 909 1711 ab
929 1639 996 1712 alto

170 1768 278 1861 Ignis,
296 1780 331 1835 et
348 1767 499 1860 ingentes
520 1779 655 1858 patuere
673 1765 709 1832 in
729 1762 855 1834 lumine
875 1778 1001 1852 naute,

170 1887 347 1980 Diriguere
366 1886 487 1970 animi,
506 1884 727 1977 manibusque
744 1883 884 1954 horrore
903 1885 1047 1954 remissis

170 2009 272 2075 Arma
290 2003 397 2074 aliena
414 2002 540 2073 cadunt
558 2029 567 2072 :
587 2003 729 2074 redeunt
746 2005 781 2073 in
799 2019 937 2098 pectora
955 2029 1062 2074 sexus.

171 2125 347 2194 Cernimus
367 2122 535 2210 AEaoidas,
555 2124 725 2216 murisque
744 2125 888 2192 immane
909 2125 1089 2196 minantem

171 2249 348 2332 ⁴lncaeum,
368 2258 402 2313 et
419 2241 521 2338 longa
538 2241 723 2338 pellentem
734 2242 871 2337 cuspide
890 2268 990 2338 rupes

171 2365 307 2458 Iphiton
325 2389 333 2431 ε
353 2365 494 2432 attonito
513 2361 706 2432 manifestus
726 2363 760 2432 in
779 2365 911 2456 agmine
930 2387 1031 2458 supra
1050 2378 1100 2434 est

172 2465 502 2579 Amphitryoniades,
521 2508 734 2578 puppemque
754 2481 900 2554 alternus
920 2487 1087 2578 utrimque

172 2607 349 2698 ingravat,
367 2618 400 2673 et
417 2601 542 2673 medias
561 2602 657 2672 ardet
676 2602 873 2674 descendere
892 2606 928 2674 in
947 2604 1065 2675 undas.

173 2727 217 2794 At
233 2721 333 2810 levis,
352 2736 387 2792 et
404 2724 531 2792 miserae
550 2721 700 2792 nondum
720 2725 802 2794 mihi
820 2737 920 2794 notus
940 2727 1038 2794 Iason

172 2845 333 2912 Transtra
347 2867 408 2938 per
423 2857 456 2912 et
472 2835 600 2926 remos,
617 2844 842 2937 impressaque
860 2859 952 2938 terga
969 2847 1137 2934 virorum,

174 2964 273 3034 Nunc
291 2987 450 3058 magnum
471 2962 648 3048 OEniden,
668 2987 759 3032 nune
777 2961 833 3032 ille
852 2964 1040 3035 hortatibus
1060 2965 1171 3054 Idam,

174 3087 218 3152 Et
235 3082 393 3170 Talaum,
412 3096 447 3151 et
462 3106 546 3152 cana
563 3085 734 3152 rorantem
750 3082 947 3178 adspergine
966 3089 1061 3179 ponti

172 3202 386 3298 Tyndariden
404 3207 544 3288 iterans,
564 3202 730 3298 gelidique
749 3205 785 3271 in
802 3204 892 3272 nube
910 3208 1057 3298 parentis
1135 3283 1140 3310 ι

173 3323 258 3394 Vela
271 3322 477 3394 laborantem
491 3322 608 3392 Calain
625 3322 820 3394 subnectere
833 3323 938 3412 malo,
1016 3353 1017 3358 ¹

173 3447 265 3513 Voce
283 3467 452 3537 manuque
469 3457 567 3538 rogat
586 3469 594 3511 :
612 3446 769 3536 quatiunt
786 3443 984 3539 impulsibus
1004 3443 1052 3514 illi

174 3565 273 3634 Nunc
291 3562 393 3650 freta,
412 3587 504 3632 nunc
522 3587 636 3632 muros
657 3563 742 3632 :sed
761 3588 823 3632 nec
841 3567 1031 3658 spumantia
1051 3567 1174 3637 cedunt

175 3686 340 3777 AEquora,
357 3697 390 3752 et
410 3684 549 3754 incussae
567 3680 708 3752 redeunt
726 3708 744 3751 a
764 3685 913 3754 turribus
932 3685 1045 3755 hastae.

173 3807 248 3899 lpse
267 3827 384 3899 graves
401 3802 540 3886 fluctus,
559 3800 756 3896 clavumque
773 3804 889 3874 audire
907 3822 1083 3900 negantem

174 3927 289 3994 Lassat
308 3947 408 4018 agens
424 3922 565 4018 Tiphys,
582 3921 764 4017 palletque,
782 3938 815 3993 et
832 3922 975 4018 plurima
993 3941 1117 3997 mutat*

174 4043 337 4138 Imperia,
356 4068 394 4113 ac
414 4041 512 4112 laevas
530 4040 727 4135 dextrasque
746 4045 925 4138 obtorquet
942 4048 978 4115 iu
997 4047 1102 4117 undas
