3200 5142
140 511 174 566 (ἰ
187 511 256 572 ’33ιᾷ
472 511 689 570 Tuuuatnos
710 514 820 570 ulum
841 515 863 569 1.
1140 531 1193 582 ¹77

126 629 310 708 ”Scandere
328 639 410 732 quin
431 639 532 708 otiam
552 637 716 708 thalamos
735 640 790 708 hic
811 640 935 735 impius
950 634 1046 720 heres

140 761 273 848 Patris,
293 774 327 828 et
345 760 521 828 immeritae
538 761 705 854 gremium
721 761 884 828 incestare
903 761 1051 855 parentis
1097 817 1100 822 .

140 881 311 975 appetiit,
328 880 484 975 proprios
503 893 655 949 monstro
676 879 848 950 revolutus
868 882 903 949 in
925 896 1029 950 ortus.

141 997 205 1068 Ille
224 1014 336 1070 tamen
356 1001 495 1094 Superis
511 1015 634 1080 aeterna
655 999 786 1095 piacula
804 1001 937 1089 solvit,¹

141 1121 357 1216 Projecitque
378 1121 491 1190 diem:
510 1145 571 1191 nec
589 1122 659 1216 jam
679 1120 822 1216 amplius
841 1123 963 1191 aethere
982 1137 1098 1194 nostro

142 1241 314 1328 Vescitur,
331 1255 366 1310 at
382 1242 472 1330 nati,
489 1241 625 1311 facinus
636 1242 708 1312 sine
722 1265 816 1311 more
827 1239 1010 1312 leadentes

128 1361 323 1454 ‘Calcavere
340 1360 465 1430 oculos.
482 1366 558 1432 Jam
573 1363 643 1455 jam
663 1377 735 1431 rata
752 1377 831 1432 vota
851 1362 976 1450 tulisti,
1014 1403 1016 1408 ,

140 1483 228 1552 Dirc
245 1478 362 1552 senex!
381 1507 533 1552 meruere
553 1498 640 1572 tuae,
658 1508 833 1571 meruere,
850 1485 996 1554 tenebrae

141 1602 300 1674 Ultorem
317 1627 451 1698 sperare
465 1605 592 1673 Jovem.
613 1604 711 1674 Nova
728 1605 881 1674 sontibus
900 1628 995 1676 arma

142 1725 298 1819 injiciam
317 1726 443 1820 regnis,
466 1738 641 1819 totumque
657 1749 677 1793 a
692 1727 796 1820 stirpe
813 1723 970 1795 revellam

142 1843 287 1916 Exitiale
304 1869 421 1940 genus.
440 1843 523 1914 Belli
540 1846 623 1913 mihi
643 1848 769 1914 semina
787 1861 886 1916 sunto

142 1967 309 2038 Adrastus
325 1991 430 2054 socer,
446 1981 481 2035 et
498 1967 635 2060 Superis
651 1966 809 2062 adjuncta
827 1969 970 2038 sinistris

142 2089 334 2157 Connubia.
357 2091 452 2158 Hanc
473 2088 575 2156 etiam
593 2088 701 2183 poenis
717 2090 879 2158 incessere
896 2104 1031 2182 gentem

141 2209 337 2278 Decretum.
356 2210 475 2302 Neque
493 2209 583 2277 enim
602 2231 725 2278 arcano
746 2208 788 2277 de
805 2223 940 2302 pectore
957 2207 1056 2279 fallax

141 2327 324 2415 Tantalus,
346 2342 381 2398 et
402 2353 496 2400 saevae
512 2329 613 2425 periit
632 2330 754 2424 injuria
775 2353 933 2399 mensa.»

195 2451 253 2522 Sic
269 2467 364 2547 pater
381 2452 605 2546 omnipotens.
624 2453 685 2521 Ast
703 2449 751 2520 illi
769 2453 879 2521 saucia
897 2450 993 2520 dictis

142 2571 332 2644 Flammato
349 2597 485 2642 versans
502 2569 677 2667 inopinum
694 2573 794 2642 corde
812 2571 976 2660 dolorem,

141 2693 240 2764 Talia
255 2697 344 2762 luno
364 2692 466 2764 refert
482 2720 518 2762 :a
532 2695 650 2780 Mene,
670 2719 691 2764 o
705 2693 889 2787 justissime
910 2694 1054 2779 Divum,

140 2817 203 2882 Me
221 2811 309 2884 bello
329 2829 459 2884 certare
474 2813 594 2908 jubes?
611 2815 675 2884 scis
695 2839 826 2908 semper
846 2829 886 2884 ut
905 2839 998 2884 arces

140 2934 352 3030 Cyclopum,
375 2937 556 3032 magnique
571 2936 765 3006 Phoroneos
782 2929 904 3030 inclyta
922 2935 1011 3005 fama

142 3059 286 3150 Sceptra
306 3056 406 3144 viris,
424 3057 614 3151 opibusque
628 3058 762 3150 juvem,
784 3056 861 3127 licet
880 3058 1054 3153 improbus
1075 3058 1143 3130 illic

139 3176 327 3246 Custodem
344 3177 473 3247 Phariae
511 3203 630 3248 somno
651 3178 785 3272 letoque
802 3179 953 3272 juvencae

139 3298 363 3393 Exstinguas,
385 3299 487 3393 septis
504 3313 537 3367 et
555 3299 704 3368 turribus
723 3321 843 3368 aureus
861 3299 976 3368 intres.

139 3419 295 3488 Mentitis
316 3419 453 3515 ignosco
470 3423 573 3490 toris:
589 3419 679 3490 illam
696 3421 829 3490 odimus
845 3420 983 3508 urbem,

138 3541 257 3628 Quam
274 3537 372 3610 vultu
387 3540 556 3610 confessus
574 3540 645 3610 adis
661 3567 668 3609 :
685 3542 744 3611 ubi
762 3543 894 3610 conscia
913 3545 1027 3637 magni

139 3659 246 3753 Signa
263 3661 347 3750 tori,
368 3662 514 3731 tonitrus
532 3659 621 3758 agis,
638 3677 672 3730 et
692 3685 767 3730 mea
783 3660 925 3729 fulmina
942 3674 1086 3756 torques.

139 3783 243 3850 Facta
260 3779 354 3850 luant
373 3781 519 3851 Thehae:
541 3807 602 3852 cur
620 3784 731 3851 hostes
750 3781 845 3876 eligis
860 3780 991 3876 Argos?

138 3900 236 3989 Quin
254 3925 333 3997 age,
353 3904 381 3972 si
402 3917 496 3972 tanta
516 3917 565 3972 est
584 3902 722 3973 thalami
741 3900 906 3970 discordia
925 3902 1046 3990 sancti,
1098 3949 1102 3962 .

136 4026 183 4093 Et
199 4025 341 4112 Sarnnn,
361 4039 395 4093 et
411 4039 537 4094 veteres
557 4027 659 4094 armis
682 4023 838 4094 exscinde
852 4025 1027 4118 Mycenas,

129 4145 243 4231 ‚Verte
259 4142 331 4215 solo
350 4148 504 4240 Sparten.
524 4149 595 4216 Cur
612 4169 754 4240 usquam
773 4144 936 4239 sanguiue
951 4141 1035 4212 festo

287 4291 310 4336 ι.
1001 4286 1042 4332 ra
