3172 5142
128 516 243 583 (274⁵.)
445 512 661 569 matmos
683 513 794 568 LIBER
815 512 866 569 Vl.

128 641 312 727 Cominus,
334 653 368 708 et
386 637 484 707 simili
502 653 646 707 stantem
665 641 805 708 miratus
824 640 860 706 in
877 639 926 706 ira

130 758 274 829 Sustulit
290 757 475 845 exsultans,
494 756 690 853 nudumque
710 755 752 827 ad
769 773 907 853 pectora
926 759 1056 852 pressit.

179 877 279 949 Illum
299 878 494 974 indignatur
510 875 708 972 Capaneus,
724 876 879 972 ridetque
897 892 1088 966 vocantem,

129 1001 180 1068 Ut
199 999 380 1082 miserans,
399 998 575 1092 poscitque
591 996 722 1067 alium:
742 995 946 1090 tandemque
963 1012 1098 1068 coactus

129 1120 283 1206 Restitit,
302 1133 337 1188 et
356 1115 500 1187 stimulis
514 1119 585 1211 jam
603 1116 764 1213 languida
778 1117 865 1186 colla
882 1133 1082 1188 tumescunt.

130 1237 320 1308 Fulmineas
341 1237 407 1307 alte
428 1239 578 1332 suspensi
599 1262 743 1334 corpora
763 1236 887 1336 plantis

129 1363 276 1428 Erexere
293 1384 437 1428 manus:
457 1374 532 1428 tuto
551 1358 669 1453 procul
690 1384 751 1428 ora
769 1384 901 1429 recessu

131 1483 312 1550 Armorum
333 1481 368 1548 in
389 1479 549 1573 speculis,
571 1479 747 1572 aditusque
764 1478 807 1548 ad
827 1479 968 1550 vulnera
984 1480 1077 1550 clusi.

132 1602 198 1670 Hic
216 1616 363 1694 quantus
382 1601 507 1695 Stygiis
526 1601 642 1695 Tityo's
660 1615 842 1696 consurgat
861 1601 903 1670 ab
922 1603 1028 1690 arvis,

132 1721 169 1792 Si
189 1735 293 1791 torvae
309 1720 483 1816 patiantur
501 1744 597 1809 aves,
617 1735 711 1789 tanta
729 1721 878 1816 undique
897 1720 1016 1815 pandit

132 1841 364 1913 Membrorum
382 1843 509 1936 spatia,
529 1856 563 1910 et
581 1842 682 1911 tantis
703 1841 794 1911 ferus
811 1843 941 1911 ossibus
958 1856 1075 1912 exstat.

181 1965 246 2032 Hic
261 1962 375 2057 paullo
390 1977 468 2031 ante
485 1987 581 2058 puer,
598 1961 656 2032 sed
675 1963 765 2031 enim
783 1963 947 2032 maturius
966 1987 1038 2032 aevo

132 2084 263 2174 Robur,
281 2099 314 2153 et
331 2085 482 2179 ingentes
500 2082 644 2178 spondet
660 2098 754 2154 tener
774 2085 921 2178 impetus
940 2109 1067 2173 annos;

133 2206 243 2296 Quem
261 2205 351 2273 vinci
369 2203 461 2273 haud
481 2205 677 2298 quisquam,
696 2228 783 2272 saevo
800 2228 863 2273 nec
881 2206 1044 2300 sanguine
1062 2207 1148 2302 tingi

132 2324 249 2414 Malit3
266 2340 301 2394 et
315 2339 426 2394 erecto
442 2325 556 2426 timeat
573 2323 765 2419 spectacula
784 2340 876 2394 voto.

185 2451 232 2518 Ut
249 2471 320 2516 sese
338 2447 508 2542 permensi
525 2445 649 2534 oculis,
667 2460 702 2515 et
719 2460 859 2540 uterquc
870 2447 1019 2542 priorem

134 2572 318 2664 speravere
336 2565 468 2657 locum,
489 2592 559 2636 non
576 2568 731 2662 protinus
750 2569 817 2657 ira,
834 2593 896 2637 nec
913 2569 1018 2638 ictus:

137 2689 296 2762 Alternus
311 2688 462 2784 paullum
482 2691 596 2778 timor,
611 2703 646 2758 et
660 2690 825 2784 permixta
842 2688 949 2759 furori

138 2810 305 2900 Consilia3
323 2808 488 2879 inclinant
506 2808 641 2879 tandem
658 2812 827 2878 contraria
844 2812 937 2905 jactu

139 2931 300 3021 Brachia,
319 2945 353 3000 et
372 2929 548 3026 explorant
563 2944 698 3019 caestus,
718 2929 946 3024 hebetantque
966 2930 1116 3002 terendo.

185 3052 329 3122 Doctior
347 3051 404 3120 hic
421 3049 536 3120 dillert
555 3051 725 3136 animum,
744 3065 964 3145 metuensque
985 3051 1090 3122 futuri

136 3177 324 3244 Cunctatus
343 3173 431 3242 vires
449 3171 645 3267 dispensat:
662 3184 698 3239 at
718 3168 774 3239 ille
792 3169 936 3240 nocendi

136 3293 320 3389 Prodigus,
341 3293 562 3386 incautusque
582 3292 653 3378 sui,
674 3291 744 3360 ruit
763 3292 890 3381 omnis,
909 3307 943 3360 et
959 3293 1074 3362 ambas

137 3416 315 3488 Consumit
332 3415 403 3484 sine
423 3412 497 3510 lege
518 3437 656 3501 manus,
678 3426 780 3505 atque
802 3413 896 3481 irrita
917 3411 1043 3481 frendit

137 3539 335 3630 Insurgens,
351 3558 453 3630 seque
469 3535 539 3628 ipse
556 3533 680 3628 premit
698 3557 707 3600 ε
727 3531 784 3601 sed
802 3531 963 3626 providus
982 3548 1076 3620 astu,

137 3661 182 3727 Et
198 3657 307 3752 patria
321 3653 403 3751 vigil
419 3668 491 3724 arte
509 3657 644 3738 Lacon,
663 3653 726 3722 hos
741 3653 852 3747 rejicit
871 3653 974 3743 ictus,

138 3781 209 3848 Hos
229 3791 325 3846 cavet
342 3802 350 3845 ε
366 3772 537 3846 interdum
556 3788 658 3863 nutu,
678 3774 864 3867 capitisque
878 3775 970 3843 citati

139 3901 274 3994 Integer
293 3896 473 3989 obsequio,
492 3895 647 3965 manibus
667 3917 758 3962 nunc
777 3893 876 3963 obvia
895 3893 961 3963 tela

140 4018 349 4106 Discutiens,
368 4017 470 4085 instat
489 4039 624 4112 gressu,
642 4013 802 4109 vultuque
820 4015 971 4086 recedit:

139 4141 232 4236 Saepe
251 4140 352 4207 etiam
368 4138 501 4231 injustis
517 4135 675 4206 collatum
694 4136 822 4206 viribus
841 4137 990 4224 hostem,

287 4281 322 4328 u.
1001 4251 1026 4324 6
