3080 5136
82 487 207 548 nasu
395 479 653 537 acunamuos
675 475 791 534 arnan
812 467 850 534 ι.“
1088 475 1145 554 ,69

83 611 225 698 Cultus,
247 623 283 677 et
303 605 436 703 expleto
456 607 563 676 teneri
581 605 651 699 jam
670 604 736 674 fine
753 603 892 699 pudoris

82 732 275 828 Virginitas
296 743 431 798 matura
448 729 548 817 toris,
565 711 715 822 annique
733 737 911 795 tumentes.
1024 735 1027 740 '

137 852 204 922 Sed
222 864 390 945 quantum
404 848 528 918 virides
545 845 656 943 pelagi
674 850 791 917 Venus
809 844 923 915 addita
941 847 1116 940 Nymphas

85 974 233 1060 Obruit,
252 985 311 1040 aut
330 969 480 1038 humeris
499 982 665 1062 quantum
683 968 795 1036 Diana
816 964 978 1060 relinquit

84 1091 231 1181 Naides,
247 1088 388 1186 effulget
403 1104 536 1158 tantum
549 1089 668 1184 regina
684 1087 797 1157 decori

83 1214 265 1286 Deidamia
284 1213 396 1300 cbori,
416 1195 641 1305 pulchrisque
654 1209 828 1279 sororibus
844 1210 967 1278 obstat.

86 1337 185 1406 Illius
205 1350 240 1404 et
255 1358 353 1404 roseo
372 1331 565 1402 flammatur
582 1355 733 1426 purpura
751 1328 872 1420 vultu,

88 1464 136 1529 Et
156 1456 297 1554 gemmis
314 1454 373 1523 lux
387 1453 499 1547 major
515 1453 622 1540 inest,
641 1451 677 1522 et
692 1450 851 1521 blandius
865 1476 999 1522 aurum.

86 1581 203 1674 Atque
222 1576 287 1672 ipsi
305 1601 369 1672 par
387 1575 496 1644 forma
514 1571 602 1663 deae',
621 1575 649 1643 si
668 1575 815 1670 pectoris
834 1598 963 1670 angues

90 1705 215 1789 Ponat,
234 1713 269 1769 et
290 1711 421 1768 exemta
438 1693 593 1790 placetur
608 1694 737 1764 casside
754 1693 879 1766 vultus.

89 1825 188 1890 Harae
206 1807 264 1888 ubi
281 1817 460 1887 ducentem
477 1814 579 1910 longe
598 1816 690 1884 socia
706 1817 842 1910 agmina
861 1814 947 1886 vidit

87 1944 185 2010 Trux
201 1964 296 2035 puer,
314 1953 349 2006 et
368 1934 465 2006 nullo
481 1950 664 2006 temeratus
679 1948 816 2029 pectora
834 1951 951 2025 motu;

89 2061 262 2156 Diriguit,
277 2059 430 2153 totisque
446 2080 573 2127 novum
589 2057 675 2126 bibit
693 2057 825 2125 ossibus
843 2059 967 2153 ignem

90 2185 166 2252 Nec
183 2179 266 2251 latet
281 2181 423 2251 haustus
441 2201 549 2267 amor,
568 2177 626 2248 sed
643 2177 699 2248 sax
719 2178 850 2248 vibrata
869 2177 1027 2248 medullis

90 2307 133 2371 In
152 2299 267 2372 vultus
285 2315 386 2395 atque
404 2323 465 2369 ora
482 2287 591 2388 redit,
612 2297 789 2394 lucemque
807 2324 970 2395 genarum

90 2424 228 2520 Tingit,
245 2437 281 2492 et
299 2421 483 2518 impulsum
504 2422 598 2491 tenui
615 2420 739 2493 sudore
756 2435 920 2516 pererrat.

91 2550 220 2616 lactea
240 2547 438 2639 Massagetae
457 2540 562 2612 veluti
581 2567 686 2638 quum
704 2527 827 2638 pocula
842 2543 975 2614 lisscant

94 2666 270 2761 Sanguine
285 2665 452 2760 puniceo,
470 2661 523 2733 vel
540 2664 628 2733 ebur
643 2666 873 2760 corrumpitur
893 2679 986 2735 ostro
1007 2693 1014 2734 :

92 2787 150 2856 Sic
168 2787 269 2856 variis
287 2785 464 2855 manifesta
484 2785 574 2854 notis
593 2783 765 2880 palletque
786 2786 954 2881 rubetque

93 2907 245 2977 Flamma
262 2929 378 2976 recens
397 2931 406 2973 t
427 2920 501 2994 eat,
521 2919 624 2999 atque
642 2904 735 2975 ultro
753 2905 843 2976 ferus
864 2908 998 3002 hospita
1014 2931 1108 2978 sacra

92 3029 264 3100 Discutiat
279 3028 387 3098 turbae
403 3051 556 3115 securus,
574 3040 609 3096 et
627 3028 806 3096 immemor
824 3028 906 3117 aevi,
1153 3003 1160 3014 ⁵

95 3151 141 3220 Ni
158 3147 270 3244 pudor
286 3149 468 3244 et-junctoe-
478 3139 591 3217 teneat
607 3147 799 3218 reverentia
815 3149 944 3218 mauis.

96 3275 146 3340 Ut
164 3285 260 3367 pater
277 3270 421 3340 armenti
439 3268 628 3364 quondam,
648 3282 828 3363 rectorque
842 3268 997 3358 flaturus,

95 3394 160 3464 Cui
180 3391 333 3462 nondum
350 3405 424 3462 toto
442 3404 657 3486 peraguntur
672 3415 919 3487 cornuagyro,

95 3517 214 3604 Quum
235 3513 362 3583 sociam
381 3527 497 3607 pastus
516 3513 616 3582 niveo
634 3512 782 3582 candore
799 3514 981 3607 juvencam

94 3634 266 3730 Adspicit,
284 3634 466 3706 ardescunt
481 3634 604 3723 animi,
624 3633 823 3728 primusque
839 3658 902 3727 per
919 3658 981 3702 ora

95 3759 238 3850 Spumat
255 3780 364 3844 amor,
382 3770 536 3852 spectant
555 3753 694 3842 hilares,
707 3769 898 3848 optantque
916 3754 1077 3850 magistri.

147 3880 302 3971 Occupat
317 3892 461 3972 arrepto
469 3877 539 3971 jam
559 3889 713 3970 tempore
730 3877 864 3946 conscia
885 3889 994 3945 mater
1011 3901 1021 3946 ε

95 4029 111 4062 a
130 4001 244 4068 Hosne
259 3999 348 4068 inter
364 3997 526 4068 simulare
540 3997 680 4086 choros,
697 4011 731 4067 et
748 3997 885 4067 brachia
900 3995 983 4067 ludo
1034 4031 1038 4036 ·

96 4119 254 4208 Nectere,
275 4133 374 4210 nate,
391 4141 494 4214 grave
511 4117 582 4188 est?
598 4117 707 4213 gelida
724 4119 806 4213 quid
826 4117 893 4188 tale
911 4117 974 4187 sub
996 4119 1097 4204 Ossa,
