3094 5140
136 415 253 482 (moi.)
453 411 670 470 THEBAIDOS
693 412 803 470 Lim
823 413 875 470 XI·
925 462 928 472 ,
1134 421 1188 477 215

134 544 178 610 In
196 557 229 612 te
245 539 367 610 ardens
388 538 491 608 frater
506 538 650 628 ferrum,
669 553 880 634 mortemque
898 541 1058 630 minatur,

135 664 300 756 Saevaque
318 675 493 756 portarum
511 657 670 730 convellit
688 658 850 747 claustra,
869 684 932 730 nec
949 661 1103 732 audesia

186 785 242 854 Sic
256 797 353 878 pater
367 781 579 871 infrendens,
599 783 786 878 miseraque
802 797 959 853 exessum
978 785 1039 853 ira.

135 903 201 976 Ille
215 905 279 975 sub
293 905 365 974 haec
379 929 388 972 z
403 904 511 975 «Non
528 900 632 992 fallis,
650 905 714 994 ait,
732 917 840 973 necte
856 903 981 1000 inclyta
999 909 1070 976 nati

134 1031 221 1098 Fata
239 1040 402 1096 movent:
420 1049 543 1095 canere
559 1023 616 1094 illa
633 1040 780 1120 patrem,
801 1041 834 1094 et
847 1027 977 1121 jactare
993 1027 1144 1098 decebat.

134 1147 204 1220 Sed
222 1174 297 1245 spes
314 1148 378 1218 sub
395 1145 568 1243 lacrymis,
586 1172 661 1243 spes
681 1161 783 1242 atque
801 1147 934 1218 occulta
953 1149 1076 1243 cupido

133 1271 198 1341 His
216 1269 322 1340 latet:
344 1271 463 1340 insano
482 1268 662 1365 pretendis
681 1267 799 1339 funera
817 1283 913 1354 voto,

134 1395 265 1486 Meque
281 1391 406 1486 premis
423 1390 567 1480 frustra,
586 1414 699 1459 vacuat
717 1415 778 1460 ceu
798 1393 971 1485 proximus
990 1391 1084 1462 aulae.

133 1515 217 1586 Non
238 1515 284 1583 ita
307 1512 483 1584 Sidoniam
503 1510 641 1581 fortuna
660 1510 832 1606 reliquerit
851 1512 985 1600 urbem,

133 1639 180 1706 In
200 1651 233 1704 te
252 1649 292 1704 ut
309 1649 440 1729 sceptra
458 1632 600 1722 cadant,
621 1647 717 1702 tanto
733 1633 967 1729 indignissime
986 1650 1078 1705 nato.

134 1757 210 1828 Nec
229 1754 311 1824 mibi
331 1753 478 1824 difficilis
495 1777 642 1847 praesens
659 1753 831 1825 vindicta:
851 1754 909 1824 sed
928 1779 1039 1841 arma,

134 1881 241 1948 Arma
256 1876 352 1973 prius
369 1873 483 1945 famuli
503 1901 512 1944 t
531 1891 652 1945 coeant
667 1878 704 1945 in
720 1873 839 1972 proelia
860 1877 990 1946 fratres.

135 1996 223 2067 Vult
241 1998 385 2094 gemitus
402 1995 507 2066 lenire
525 1998 648 2065 Creon.
667 1999 817 2067 Lucrare
834 1997 1008 2067 furorem:

141 2120 275 2188 Victori
295 2117 379 2187 mibi
398 2132 520 2188 cuncta
538 2116 651 2187 lues.»
669 2118 725 2187 Sic
740 2118 853 2213 jurgia
870 2117 1023 2214 paullum

135 2237 297 2329 Distulit,
307 2255 409 2335 atque
418 2263 548 2340 ensem,
557 2263 661 2332 quem
671 2239 742 2332 jam
755 2238 915 2308 dabatira
923 2291 934 2329 ,
949 2243 1116 2335 repressit.

135 2365 232 2431 Ictus
248 2375 287 2431 ut
304 2361 435 2432 incerto
455 2361 599 2456 pastoris
616 2357 756 2430 vulnere
775 2385 913 2454 serpens

136 2483 290 2577 Erigitur
305 2505 404 2577 gyro,
422 2480 630 2578 longumque
647 2506 666 2550 e
681 2505 825 2577 corpore
844 2494 915 2551 toto

137 2603 244 2673 Virus
261 2605 297 2673 in
313 2629 374 2675 ora
390 2602 493 2699 legit;
510 2600 663 2696 paullum
681 2603 709 2672 si
725 2601 842 2672 devius
861 2602 969 2696 bostis

138 2727 252 2795 Torsit
267 2726 343 2810 iter,
358 2724 510 2795 cecidere
525 2724 639 2811 minae,
661 2722 908 2818 tumefactaque
925 2725 1049 2795 frustra

141 2844 239 2916 Colla
257 2845 389 2930 sedent,
406 2846 540 2939 irasque
560 2843 610 2913 sui
629 2843 715 2912 bibit
731 2844 803 2939 ipsc
819 2845 951 2913 veneni.

189 2971 234 3037 At
247 2968 391 3062 genitrix
408 2967 553 3061 primam
572 2964 712 3034 funestae
730 2965 830 3033 sortis
849 2979 888 3034 ut
904 2989 1019 3034 amens

140 3088 284 3184 Expavit
299 3087 438 3178 santam,
460 3111 521 3156 nec
538 3084 631 3156 tarde
645 3083 805 3174 credidit,
825 3085 896 3154 ibat

141 3210 250 3278 Scissa
263 3233 391 3297 comas,
406 3207 586 3302 vultuque,
603 3222 637 3277 et
650 3221 787 3302 pectore
803 3206 896 3276 nuda
912 3225 1073 3296 cruento,

141 3331 222 3401 Non
243 3354 357 3417 sexus,
377 3329 548 3399 decorisve
566 3352 705 3398 memor.
721 3327 882 3398 Pentheia
899 3326 1009 3422 qualis

140 3453 252 3521 Mater
267 3450 310 3520 ad
324 3451 433 3520 insani
450 3449 632 3520 scandebat
648 3446 796 3518 culmina
814 3451 955 3539 montis,

141 3571 348 3641 Promissum
368 3595 456 3640 sevo
472 3584 574 3666 caput
593 3567 740 3640 allatura
759 3574 870 3666 Lyaeo.

142 3694 221 3762 Non
234 3692 388 3780 comites,
405 3715 476 3763 non
490 3690 578 3760 ferre
592 3692 671 3787 ipsae
689 3692 829 3788 vestigia
847 3706 935 3762 natae

141 3812 250 3904 AEqua
271 3810 408 3882 valent:
431 3825 563 3883 tantum
582 3813 709 3882 misera
728 3811 826 3885 dolor
847 3812 985 3883 ultimus
1004 3813 1098 3882 addit

140 3931 269 4020 Robur,
289 3945 322 4002 ct
337 3955 521 4027 exsangues
540 3932 742 4003 crudescunt
762 3932 907 4006 luctibus
923 3936 1015 4004 anni.

140 4055 283 4147 Jamque
300 4053 401 4124 decus
420 4051 538 4149 galeae,
555 4053 626 4148 jam
648 4054 775 4151 spicula
797 4081 882 4125 saeva
900 4054 1027 4150 ligabat
