3172 5142
146 455 183 516 (v.
195 451 264 517 sos.)
461 449 683 510 THEBMDOS
706 450 818 509 mult
838 451 906 510 vn.
1143 457 1198 514 105

144 578 326 675 Digneris,
346 575 427 648 dum
447 592 563 648 castra:
574 576 690 668 silent,
711 573 1081 674 suspensaquevbellum

144 701 322 770 Horrescit
340 699 467 794 pietas,
488 700 632 796 genitrix
646 699 837 796 jubeoque,
855 722 1023 797 rogoque,

145 822 165 889 1
187 844 335 910 mecum,
353 822 547 915 patriosque
564 824 674 909 Deos,
694 818 1014 916 arsuraque-saltem

144 943 250 1011 Tecta
270 940 368 1028 vide,
388 941 613 1036 fratremque,
633 942 715 1037 quid
736 941 846 1026 aufers
864 940 1015 1012 lumina?
1032 941 1168 1012 matrem

144 1060 347 1157 Alloquere,
366 1077 400 1132 et
415 1087 559 1158 regnum
575 1063 645 1159 jam
661 1089 716 1134 me
731 1063 922 1158 subjudice
944 1087 1055 1158 posce.
1111 1071 1112 1074 ’

143 1175 216 1254 Aut
235 1184 347 1273 dabit,
363 1199 422 1254 aut
439 1183 573 1256 ferrum·
586 1209 689 1255 causa
707 1183 847 1282 meliore
863 1208 1021 1254 resumes.

145 1307 246 1375 Anne
259 1307 371 1395 times,
389 1330 432 1375 ne
448 1305 536 1375 forte
555 1303 641 1394 doli,
659 1321 694 1375 et
711 1320 744 1374 te
760 1307 894 1376 conscia
910 1319 1019 1378 mater
1061 1297 1068 1316 '

144 1425 346 1522 Decipiami‘
365 1424 436 1496 non
453 1427 659 1496 sicmiseros
677 1426 728 1496 fas
747 1451 847 1496 omne
865 1441 1002 1521 penates

143 1545 318 1644 Effiigiet:
335 1550 392 1618 vix
412 1546 596 1643 oudipode
615 1547 759 1618 ducente
773 1549 939 1620 timeres„
1033 1549 1044 1568 “

143 1669 255 1767 Nupsi
274 1669 447 1765 equidem,
462 1669 647 1766 peperique
665 1669 785 1740 nefas:
804 1669 863 1740 sed
880 1668 984 1766 diligo
1001 1669 1104 1758 tales,

142 1792 199 1864 Ab
218 1789 332 1883 dolor,
349 1806 383 1863 et
397 1805 526 1864 vestrns
545 1793 732 1864 etiamnum
750 1815 871 1864 excuso
890 1789 1043 1862 furores..

144 1913 251 2003 Quod
270 1915 297 1984 si
317 1913 403 1985 adeo
419 1930 566 2011 perstas,
583 1913 675 1986 ultro
691 1915 779 2005 tibi,
789 1941 890 2005 saeve,
907 1914 1119 2014 triumphum

141 2033 335 2107 Detulimus
355 2062 364 2106 t
385 2035 491 2134 religa
508 2052 622 2132 captas
638 2037 672 2106 in
690 2051 787 2134 terga
804 2063 955 2126 sorores,
984 2079 991 2086 ·

140 2158 247 2252 Injice
266 2155 375 2228 vincla
395 2158 504 2228 mihi:
523 2159 635 2254 gravis
650 2158 719 2228 huc
738 2172 912 2252 utcunque
927 2158 1053 2230 feretur

141 2282 186 2348 Et
205 2294 311 2374 pater.
332 2278 386 2349 Ad
408 2293 558 2350 vestrum
574 2281 717 2376 gemitus
735 2304 826 2350 nune
844 2295 938 2350 verto
957 2280 1141 2377 pudorem,

140 2400 310 2470 Inachidoe
331 2425 339 2469 r
362 2397 507 2495 liquistis
525 2402 616 2470 enim
636 2425 828 2497 parvosque
845 2426 1027 2497 senesque,

141 2525 187 2591 Et
202 2520 367 2616 lacrymas
385 2521 445 2591 has
465 2522 607 2616 quisque
624 2521 733 2615 domi3
754 2501 816 2592 sua
835 2523 962 2593 credite
980 2525 1079 2592 matri

141 2645 281 2712 Viscera
303 2669 311 2711 :
329 2643 357 2712 si
375 2643 470 2712 vobis
486 2643 543 2714 hic
558 2667 663 2738 parvo
684 2645 890 2739 intempore
908 2669 1022 2732 carus,

141 2765 260 2858 Sitque
270 2787 402 2858 precor,
411 2764 494 2859 quid
509 2788 579 2852 me,
595 2789 676 2853 oro,
694 2762 815 2834 decet?
827 2764 950 2859 quidve
961 2767 1040 2856 ista,
1053 2764 1200 2862 Pelasgi,

142 2883 276 2954 Ubera?
294 2885 338 2953 ab
351 2887 517 2979 Hyrcanis
533 2886 598 2954 hoc
615 2884 824 2980 Odrysisque
842 2882 991 2956 tulissem

141 3006 312 3103 Regibus,
331 3021 365 3077 et
379 3007 407 3075 si
420 3007 479 3100 qui
496 3021 630 3076 nostros
649 3007 759 3076 vicere
776 3005 919 3078 furores.

141 3129 308 3216 Annuite,
327 3142 386 3197 aut
400 3133 516 3201 natum
532 3125 705 3222 complexa
723 3129 903 3222 superstite
920 3127 1009 3198 bello

141 3250 207 3320 Hic
224 3250 360 3318 moriar.
375 3279 392 3314 s
411 3247 572 3318 Tumidas
588 3247 790 3343 frangebant
808 3248 897 3317 dieta
912 3249 1085 3336 cobortes,

139 3371 376 3465 Nutantesque
392 3371 502 3438 virum
522 3368 654 3466 galeas,
674 3384 709 3438 et
728 3394 844 3464 sparsa
864 3368 1002 3439 videres:
1028 3335 1041 3362 ὑ

140 3489 292 3560 Fletibus
308 3515 400 3560 arma
421 3491 511 3586 piis:
528 3488 643 3584 quales
664 3489 721 3560 ubi
739 3486 806 3558 tela
822 3490 988 3582 virosque·

140 3613 289 3682 Pectoris
310 3611 455 3707 impulsu
472 3611 582 3706 rapidi
601 3626 747 3681 stravere
765 3609 893 3698 leones,

140 3734 299 3803 Protinus
317 3735 369 3803 ira
384 3735 507 3820 minor,
528 3733 743 3829 gaudentque
759 3735 802 3801 in*
812 3746 1071 3827 corporefcapto

124 3853 300 3964 {securem
318 3853 455 3924 dillerre
470 3853 593 3924 famem
611 3880 619 3921 :
641 3855 687 3923 sie
706 3853 797 3923 flexa,
811 3851 986 3949 Pelasgum

140 3974 255 4043 Corda
274 3972 406 4062 lebant,
424 3973 571 4070 ferrique
589 3973 707 4044 avidus
726 3989 961 4046 mansueverat
978 3975 1089 4045 ardor,

189 4100 265 4191 lpse
285 4097 385 4166 etiam
404 4111 613 4166 arrteomnes
633 4121 724 4168 nunc
742 4098 858 4166 matris
873 4095 916 4165 ed
930 4095 1043 4166 ossula
1065 4121 1194 4186 versus,
