3206 5136
388 459 421 516 ιδ
701 457 922 515 tenesmos
946 454 1062 510 LIBER
1085 453 1136 507 IV.
1327 453 1438 514 (vast.)

384 588 488 654 Terra
506 584 622 671 sacris,
643 582 817 677 multoque
836 580 970 676 placent
987 578 1059 651 sola
1076 581 1215 676 pinguia
1233 580 1329 675 tabo)

384 702 527 773 Velleris
546 704 681 773 obscuri
700 704 845 798 pecudes
865 717 1086 795 armentaque
1105 702 1176 770 sisti

385 831 469 896 Atra
490 840 624 896 mouet:
643 847 854 918 quaecuuque
871 847 1012 918 gregum
1031 821 1261 918 pulcherrima
1281 826 1391 892 cervix

385 947 533 1018 Ducitur
552 971 560 1014 ε
579 946 744 1040 ingemuit
764 944 886 1030 Dirce,
909 957 1114 1036 moestusque
1134 943 1326 1026 Cithaeron,

386 1073 428 1138 Et
446 1092 533 1136 nova
550 1065 703 1136 clamosae
721 1080 881 1159 stupuere
897 1063 1030 1135 silentia
1047 1061 1158 1134 valles.

434 1191 524 1257 Tum
543 1187 613 1256 fera
631 1183 785 1255 coeruleis
803 1186 925 1255 intexit
940 1209 1068 1255 cornua
1081 1185 1179 1254 sertis

385 1311 462 1402 Ipse
480 1331 583 1376 manu
606 1320 772 1394 tractans,
789 1320 944 1400 notaeque
963 1307 998 1374 iu
1014 1303 1130 1375 limiae
1147 1303 1238 1374 silvre

386 1429 557 1522 Principio
577 1426 689 1522 largos
708 1427 825 1495 novies
845 1423 966 1495 tellure
983 1441 1100 1495 cavata

388 1548 532 1620 inclinat
553 1547 676 1618 Bacchi
693 1545 822 1634 latices,
841 1560 875 1614 et
896 1571 1036 1616 munera
1056 1549 1151 1616 verni

387 1671 518 1757 Iactis,
537 1683 571 1737 et
586 1671 715 1738 Actaeos
738 1667 883 1754 imbres,
904 1667 1115 1760 suadumque
1133 1692 1288 1738 eruorem

387 1791 573 1861 Manibus:
594 1790 781 1884 aggeritur,
803 1803 971 1883 quantum
991 1789 1077 1857 bibit
1098 1789 1190 1858 arida
1212 1787 1319 1860 tellus.

437 1916 571 1981 Trunca
590 1908 712 1978 dehinc
725 1932 863 1978 nemora
881 1906 1048 1998 advolvit,
1069 1925 1273 2004 moestusque
1287 1911 1438 1980 sacerdos

390 2035 472 2100 Tres
490 2034 644 2116 Hecate,
664 2027 872 2121 totidemque
891 2030 971 2098 satis
990 2031 1181 2100 Acheronte
1201 2031 1329 2100 nefasto

395 2149 587 2244 Virginibus
601 2149 698 2242 jubet
715 2172 786 2218 esse
805 2148 896 2218 focos
915 2175 923 2217 :
945 2150 1023 2240 tibi,
1039 2167 1153 2221 rector
1168 2153 1315 2240 Averni,

287 2275 291 2286 ’
390 2273 594 2364 Quanquam
606 2268 751 2338 infossus
765 2269 888 2358 humo,
904 2287 1042 2366 superat
1058 2287 1169 2342 tamen
1183 2297 1286 2368 agger
1299 2273 1335 2342 in
1348 2297 1441 2342 auras

392 2393 515 2460 Pincus
537 2416 544 2458 :
564 2391 657 2460 hunc
674 2390 770 2483 juata
786 2390 924 2460 cumulo
942 2394 1054 2462 minor
1071 2419 1130 2464 ara
1144 2393 1319 2490 profundae

392 2497 546 2606 Erigitur
564 2512 701 2582 Cereri:
721 2509 875 2600 frondes,
895 2527 997 2607 atque
1013 2539 1114 2584 omne
1133 2539 1309 2610 cupressus

390 2633 517 2701 Interit
535 2629 665 2726 plorata
687 2629 785 2700 latus.
804 2635 946 2728 Jamque
964 2635 1069 2705 ardua
1086 2636 1176 2705 ferro

393 2753 522 2847 Signati
543 2751 653 2846 capita
670 2765 705 2819 et
723 2751 861 2846 frugum
877 2751 1035 2824 libamine
1054 2781 1141 2850 puro

393 2873 434 2940 ln
455 2869 577 2940 vulnus
595 2870 744 2940 cecidere
763 2897 901 2966 greges:
921 2888 1003 2943 tunc
1022 2875 1150 2945 innuba
1167 2881 1285 2947 Manto

393 2995 579 3086 Exceptum
598 2993 721 3086 pateris
742 2990 895 3087 praelibat
911 2996 1130 3089 sauguinem,
1148 3012 1182 3066 et
1203 3023 1318 3068 omnes

394 3115 460 3182 Ter
476 3112 603 3180 circum
625 3127 698 3180 acta
716 3137 835 3207 pyras,
856 3115 963 3182 sancti
980 3115 1021 3184 de
1037 3141 1130 3185 more
1148 3119 1310 3211 parentis,

395 3232 581 3301 Semineces
600 3230 700 3300 fibras
718 3247 751 3300 et
770 3232 880 3302 adhuc
898 3235 1060 3328 spirantia
1078 3237 1189 3307 reddit

396 3351 532 3421 Viscera
549 3377 557 3420 r
575 3375 636 3420 nec
657 3351 790 3446 rapidas
807 3368 988 3424 cunctatur
1002 3355 1177 3428 frondibus
1194 3359 1274 3428 atris

397 3471 589 3564 subjectare
606 3469 691 3539 faces
709 3496 717 3539 :
735 3477 838 3565 atque
849 3475 920 3567 ipse
937 3477 1090 3545 sonantia
1106 3477 1249 3547 flammis

396 3589 554 3684 Virgulta
574 3605 607 3658 et
628 3591 739 3660 tristes
759 3595 926 3686 crepuisse
947 3609 985 3664 ut
1003 3598 1106 3665 sensit
1124 3622 1259 3670 acervos

395 3709 538 3778 Tiresias
558 3706 621 3804 (illi
641 3733 718 3778 nam
739 3709 909 3804 plurimus
922 3713 1024 3784 ardor
1041 3716 1178 3787 anhelat

396 3832 484 3898 Ante
503 3852 619 3923 genas,
641 3828 822 3925 impletque
837 3857 936 3904 cavos
955 3860 1061 3930 vapor
1077 3839 1194 3931 igneus
1211 3841 1327 3934 orbes)

396 3947 589 4018 Exclamat:
605 3948 786 4042 (tremuere
804 3951 897 4046 rogi,
915 3968 949 4022 et
966 3978 1031 4022 vox
1054 3955 1187 4050 impulit
1203 3961 1316 4054 ignem
1330 3962 1361 4056 ε)

445 4071 634 4138 «Tartareae
652 4067 765 4154 sedes,
787 4083 819 4138 et
839 4071 1049 4144 formidabile
1070 4101 1210 4172 regnum
