3172 5142
422 467 460 524 86
739 454 956 516 muamus
977 453 1090 510 LIBER
1112 453 1162 507 vl.
1365 453 1482 521 (erm.)

417 587 548 678 Raptus
568 581 603 650 in
622 575 806 668 excelsum,
829 604 890 649 neo
908 581 979 674 jam
999 603 1075 674 spes
1097 577 1166 646 ulle
1184 578 1354 666 cadendi,

417 707 489 776 Nec
506 702 585 772 licet
602 716 748 772 extrema
770 716 911 772 matrem
933 702 1130 796 contingere
1149 699 1275 794 planta.

467 826 522 894 Fit
542 848 664 910 sonus,
684 836 717 891 et
736 821 828 892 laetos
849 821 1009 892 attollunt
1030 824 1164 916 agmina
1185 821 1332 915 plausus.

416 951 514 1016 Tunc
534 943 600 1014 alte
618 942 744 1014 librans
764 944 941 1038 inopinum
961 957 1080 1038 sponte
1101 943 1250 1028 remisit,

416 1065 670 1159 Obliquumque
685 1061 797 1148 dedit,
816 1063 1160 1157 procumbentemque
1177 1079 1312 1134 secutus

417 1185 515 1256 Colla
533 1181 632 1256 simul
648 1181 781 1272 dextra,
797 1181 940 1279 pedibus
961 1182 1059 1252 simul
1075 1185 1215 1278 inguina
1231 1185 1352 1254 vinxit.

417 1305 537 1376 Deficit
556 1304 729 1392 obsessus,
748 1301 887 1397 soloque
900 1302 1031 1398 pudore
1051 1319 1227 1398 repugnat.

416 1424 567 1496 Tandem
585 1439 702 1519 pectus
720 1425 834 1512 humi,
851 1447 1064 1518 pronamque
1084 1439 1240 1494 extensus
1259 1426 1292 1494 in
1313 1425 1434 1498 alvum

417 1546 601 1632 Sternitur,
621 1569 660 1613 ac
678 1543 782 1640 longo
799 1559 938 1617 moestus
954 1559 1033 1639 post
1053 1549 1203 1639 t'empore
1221 1548 1355 1641 surgit,

417 1666 546 1761 Turpia
562 1665 695 1760 signata
713 1663 870 1759 linquens
887 1666 1028 1760 vestigia
1047 1680 1146 1734 terra

467 1784 618 1881 Palmam
640 1800 751 1858 autem
771 1785 905 1874 dextra,
926 1785 1075 1880 levaque
1093 1789 1232 1858 nitentia
1251 1788 1345 1858 dono

418 1911 522 1976 Arma
538 1906 647 1978 ferens
664 1906 822 2001 Tydeus:
838 1907 956 1997 «Quid
977 1909 1004 1976 si
1024 1933 1092 1978 non
1111 1910 1283 2002 sanguinis
1303 1910 1414 2004 hujus

417 2031 552 2098 Partem
569 2027 661 2096 baud
676 2028 850 2123 exiguam,
866 2029 976 2115 scitis,
992 2029 1142 2102 Dircaeus
1161 2029 1300 2100 haberet

418 2145 589 2244 Campus?
607 2147 666 2217 uhi
685 2148 737 2218 hae
755 2171 863 2242 nuper
882 2147 1076 2218 Thebarum
1094 2147 1218 2220 foedera
1238 2149 1374 2246 plagae?
1388 2183 1406 2218 s

421 2272 497 2338 Haec
515 2266 614 2339 simul
635 2279 827 2356 ostentans,
845 2268 1054 2362 quaesitaque
1070 2270 1208 2363 praemia
1225 2269 1369 2344 laudum

418 2394 487 2464 Dat
505 2391 604 2460 sociis
623 2415 630 2458 :
649 2389 803 2482 sequitur
822 2387 993 2483 neglectus
1012 2388 1150 2485 Agyllea
1168 2391 1300 2462 thorax.

467 2513 554 2584 Sunt
569 2524 603 2579 et
620 2511 679 2604 qui
694 2507 787 2580 nudo
801 2509 945 2582 subeant
961 2533 1161 2583 concurrere
1179 2511 1280 2583 ferro.

417 2633 558 2725 Jamque
576 2629 718 2702 aderant
735 2630 891 2702 instructi
907 2631 1009 2701 armis
1029 2629 1232 2726 Epidaurius
1251 2639 1405 2730 Agreus,

416 2755 460 2820 Et
476 2751 626 2821 nondum
648 2750 724 2822 fatis
741 2751 894 2820 Dircaeus
910 2752 1084 2846 agentibus
1103 2753 1207 2824 exsul.

417 2875 495 2944 Dux
513 2887 604 2943 vetat
619 2871 744 2942 Iasides
763 2898 772 2941 :
794 2873 939 2942 «Manet
956 2873 1074 2966 ingens
1091 2875 1187 2967 copia
1209 2873 1287 2966 leti,

418 2996 450 3064 Ο
464 2994 606 3087 juvenes
624 3019 632 3061 ε
653 3007 781 3064 servate
799 2993 945 3078 animos,
966 2992 1171 3088 avidumque
1189 2995 1341 3068 furorem

418 3114 598 3209 Sanguinis
616 3111 748 3184 adversi
768 3138 775 3179 :
795 3126 901 3205 tuque
921 3135 958 3200 o,
978 3137 1078 3205 quem
1094 3129 1233 3208 propter
1253 3121 1344 3188 avita

419 3238 558 3330 lugera,
578 3232 718 3304 dilectas
736 3233 789 3304 cui
809 3230 1033 3302 desolavimus
1052 3233 1170 3321 urbes,

419 3357 487 3442 Ne,
502 3379 634 3448 precor,
653 3369 730 3422 ante
749 3353 874 3436 aciem,
891 3353 947 3445 jus
967 3367 1098 3427 tautum
1117 3357 1250 3426 casibus
1268 3384 1360 3447 esse,
1448 3389 1452 3396 ⁴

420 3475 653 3567 Fraternisquc
670 3475 776 3559 siuas,
795 3473 935 3567 abigant
955 3473 1021 3542 hoe
1038 3473 1192 3545 numina!
1212 3481 1337 3550 votis.»

469 3595 524 3663 Sic
541 3595 610 3662 ait:
631 3608 731 3687 atque
749 3591 865 3662 umbos
885 3607 1002 3668 aurata
1018 3593 1146 3665 casside
1162 3595 1257 3668 ditat.

418 3719 514 3785 Tunc
532 3739 670 3810 genero,
689 3738 731 3782 ne
751 3712 859 3787 laudis
879 3739 995 3809 egens,
1010 3715 1107 3807 jubet
1125 3717 1231 3786 ardua
1249 3726 1339 3792 necti

418 3840 603 3930 Tempora,
622 3835 881 3927 Thebarumque
897 3835 1024 3928 ingenti
1042 3859 1124 3906 voce
1139 3839 1233 3908 citari

423 3957 601 4026 Victorem.
621 3956 712 4030 Diras
726 3954 914 4028 retinebant
929 3955 1042 4026 omina
1058 3959 1180 4028 Parcae.

470 4077 584 4169 Ipsum
603 4075 703 4146 etiam
723 4073 860 4166 proprio
881 4074 1063 4146 certamina
1084 4075 1298 4150 tentatore
