3156 5138
431 813 495 917 P.
526 815 584 918 P.
616 813 863 919 STATII

314 1149 1004 1330 SILVARUM.

499 1541 693 1628 LIBER
725 1542 806 1630 IV.

582 1869 742 1884 ..ฮน-*-

464 2085 526 2150 sn
550 2082 850 2150 Mmcsmun.

133 2309 274 2437 lavam
296 2360 437 2452 librum,
460 2360 620 2431 Marcelle
640 2364 830 2451 carissime,
850 2387 951 2457 quem
977 2365 1091 2458 pietati
1117 2377 1181 2434 tuae

134 2483 332 2552 dedicarem.
353 2487 442 2552 Reor
462 2482 616 2576 equidem
636 2480 732 2553 aliter
749 2507 850 2578 quam
871 2485 1026 2553 invocato
1044 2485 1182 2553 numine

135 2604 273 2672 maximi
290 2603 506 2696 Imperatoris
526 2600 658 2671 nullum
679 2601 878 2697 opusculum
902 2627 1013 2672 meum
1035 2615 1181 2698 coepisse.

134 2723 270 2793 Sudhic
286 2721 371 2791 liber
387 2737 453 2791 tres
470 2721 754 2816 habet-Sequitur
770 2736 908 2818 quarta,
925 2747 999 2817 quae
1015 2723 1058 2792 ad
1076 2723 1183 2792 hono-

135 2869 208 2913 rem
233 2856 329 2936 tuum
356 2842 512 2937 pertinet.
541 2843 654 2911 Primo
671 2856 790 2912 autem
814 2843 992 2937 septimum
1017 2842 1184 2911 decimum

136 2963 331 3033 Germanici
344 2962 452 3030 nostri
468 2958 680 3032 consulatum
696 2962 834 3031 adoravi
850 2987 858 3030 :
877 2962 1042 3048 secundo,
1061 2963 1185 3057 gratias

134 3085 189 3178 egi
216 3083 444 3152 sacratissimis
469 3082 541 3175 ejus
566 3080 684 3177 Epulis
705 3083 890 3152 honoratus
911 3107 920 3150 t
945 3084 1063 3171 tertio,
1084 3084 1185 3153 Viam

136 3204 366 3272 Domitianam
390 3191 531 3272 miratus
555 3227 649 3292 sum,
672 3228 738 3297 qua
758 3203 986 3299 gravissimam
1007 3225 1184 3271 arenarum

135 3347 266 3392 moram
294 3323 442 3410 exemit3
470 3325 565 3418 cujus
596 3324 758 3393 beneficio
788 3338 826 3392 tu
856 3346 991 3417 quoque
1022 3323 1185 3390 maturius

135 3442 312 3540 epistolam
327 3469 402 3513 cam
418 3446 575 3539 accipies,
593 3469 693 3539 quarn
708 3445 769 3513 tibi
785 3441 997 3514 inhociibro
1010 3467 1031 3511 a
1042 3440 1185 3536 Neapoli

95 3643 100 3652 ยน
135 3564 256 3632 scribo.
281 3565 477 3633 Proximum
503 3576 551 3633 est
575 3564 734 3659 Lyricum
759 3588 895 3633 carmen
920 3562 963 3632 ad
988 3562 1185 3656 Septimium

135 3687 316 3772 Severum,
332 3685 511 3777 juvenem,
530 3685 579 3752 uti
597 3686 680 3773 scis,
697 3685 788 3754 inter
804 3685 1033 3754 ornatissimos
1048 3681 1186 3752 secundi

135 3806 286 3892 ordinis,
309 3819 405 3876 tuum
428 3807 563 3900 quidem
587 3807 688 3878 etiam
711 3805 1001 3900 condiscipulum
1024 3805 1082 3875 sed
1104 3805 1187 3902 mihi

134 3941 254 3996 contra
269 3927 333 3996 hoc
347 3951 481 4020 quoque
494 3927 549 4021 jus
585 3926 769 3994 arctissime
786 3948 901 3994 carum
917 3951 925 3994 z
943 3950 1022 3994 nam
1036 3924 1187 3994 Vindicis

136 4047 242 4116 nostri
257 4045 437 4116 Herculem
450 4047 702 4142 Epitrapezion,
715 4045 898 4116 secundum
910 4046 1076 4116 honorem
1085 4049 1195 4138 quem

136 4166 180 4236 de
198 4190 271 4256 me,
289 4180 322 4236 et
343 4166 384 4237 de
402 4167 482 4261 ipsis
499 4141 618 4236 studiis
636 4180 799 4258 meretur,
821 4168 988 4260 imputare
1006 4166 1107 4233 etiam
1127 4162 1187 4230 tibi

1007 4309 1038 4379 7.
