3156 5138
140 489 176 554 (v.
190 489 258 552 top.)
474 485 669 544 SILVARUM
687 485 798 543 LIBER
818 487 853 540 V.

143 615 180 685 Si
199 628 237 683 tu
256 611 361 708 stirpe
380 625 496 702 vetus,
514 612 676 708 fameque
697 612 838 682 obscure
852 612 997 707 jaceres,

141 733 202 807 Nil
219 732 344 830 gentile
364 748 517 822 tumens,
537 731 595 803 illo
614 749 647 803 te
661 731 734 803 cive
754 735 915 829 probares

141 857 298 947 Graiam,
314 869 416 950 etque
432 853 583 924 Euboico
600 854 767 950 majorum
780 854 942 949 sanguine
955 855 1045 926 duci.

142 975 207 1048 Ille
226 979 293 1048 tuis
311 979 410 1048 toties
430 978 635 1072 praestrinxit
649 991 801 1071 tempora
816 979 926 1066 sertis,

141 1100 260 1187 Quum
278 1113 366 1168 state
379 1098 516 1169 laudato
534 1112 670 1170 caneret
687 1099 930 1192 Quinqueuuia
949 1123 1065 1184 versu,

141 1223 213 1291 Ore
233 1245 468 1317 supergressus
484 1216 570 1314 Pylii
588 1221 690 1308 senis,
707 1244 833 1314 oraque
844 1221 934 1316 regis

141 1341 307 1430 Dulichii,
325 1343 501 1436 specieque
513 1365 645 1412 comam
664 1341 835 1412 subnexus
852 1357 1005 1436 utraque.

191 1465 269 1535 Non
288 1463 349 1532 tibi
368 1461 533 1532 deformes
549 1463 685 1532 obscuri
702 1465 874 1558 sauguinis
895 1478 1005 1547 ortus,

141 1586 215 1653 Nec
234 1585 306 1654 sine
323 1582 398 1654 lues
408 1607 517 1678 genus
536 1581 751 1678 (quanquam
769 1583 905 1654 fortuna
919 1596 1099 1677 pareutum

142 1705 278 1774 Arctior
297 1702 488 1798 expensie);
508 1706 632 1776 etenim
651 1718 684 1772 tc
705 1703 809 1774 divite
826 1704 895 1775 ritu

140 1826 271 1894 Ponere
289 1849 476 1920 purpureos
497 1823 639 1894 infantie
654 1823 768 1917 adegit
786 1825 931 1894 amictus

140 1946 262 2039 Stirpis
280 1945 410 2016 honore
428 1944 541 2038 datos,
559 1959 594 2014 et
612 1941 724 2014 nobile
743 1947 888 2040 pectoris
908 1969 1040 2016 eurum.

140 2067 307 2135 Protenus
320 2081 438 2137 exorto
456 2065 613 2136 dextrmn
631 2067 732 2136 risere
750 2090 881 2137 sorores

140 2183 305 2275 Aonides,
323 2210 497 2281 pueroque
514 2184 635 2281 chelyn
654 2187 839 2274 summisit,
857 2201 891 2256 et
910 2210 972 2256 ora

140 2306 269 2378 Imbuit
285 2330 385 2388 omne
400 2327 513 2396 mero,
530 2307 602 2401 jam
619 2321 693 2378 tum
714 2307 776 2376 tibi
795 2305 960 2395 blandus,
977 2304 1111 2404 Apollo.

141 2427 214 2498 Nec
231 2426 374 2523 simplex
390 2429 507 2524 patrie
525 2427 642 2516 decus3
662 2443 695 2498 et
710 2427 831 2500 natalis
847 2429 944 2524 origo

142 2547 274 2620 Pendet
291 2565 348 2620 :et
361 2549 519 2646 ambiguo
537 2551 679 2646 gemine
693 2551 876 2622 certamine
894 2566 1009 2640 terrae,

142 2673 192 2740 Te
205 2669 248 2739 de
264 2685 364 2766 gente
375 2681 481 2744 'suum
497 2672 604 2742 Latiis
623 2670 747 2742 adscite
769 2669 897 2744 colonis

144 2792 249 2860 Graia
266 2790 369 2862 refert
390 2790 477 2864 Selle
492 2818 499 2862 ε
516 2793 641 2864 Graius
657 2817 724 2888 qua
740 2817 854 2887 puppe
867 2793 1028 2889 magister
1081 2825 1086 2834 ·

143 2910 303 3002 Excidit,
320 2927 355 2982 et
367 2912 487 2984 mediis
503 2913 604 2984 miser
623 2911 794 3007 evigilavit
812 2915 848 2983 in
867 2914 978 2984 undis.

191 3036 306 3103 Maeon
325 3048 360 3104 et
375 3033 453 3106 iude
469 3059 567 3106 suum
587 3033 691 3129 longo
709 3037 831 3128 probet
847 3034 967 3106 ordine
986 3036 1062 3106 vite

146 3155 356 3242 Maeoniden,
375 3153 446 3224 aliae
464 3170 567 3249 atque
583 3153 657 3226 eliis
676 3155 843 3228 natalibus
862 3157 961 3228 rubes

146 3275 337 3371 Diripiunt,
358 3289 553 3372 cuncteque
571 3277 743 3372 probent:
766 3303 836 3346 non
857 3277 1016 3348 omuibus
1031 3276 1087 3350 ille

142 3397 271 3484 Verus3
288 3395 348 3466 alit
363 3399 469 3470 victos
488 3400 644 3470 immanis
662 3396 769 3493 gloria
786 3398 870 3470 fulsi.

190 3522 302 3612 Atque
323 3519 369 3592 ibi
389 3519 471 3590 dum
487 3519 616 3614 profers
635 3529 760 3609 annos,
778 3521 947 3614 vitamque
966 3519 1107 3610 salutas,

142 3645 309 3711 Protenus
328 3641 372 3711 ad
388 3644 489 3735 patrii
510 3643 637 3736 raperis
654 3643 839 3712 certamina
856 3640 957 3736 lustri
1086 3659 1089 3666 ’

144 3765 219 3852 vix,
231 3762 403 3859 implenda
418 3765 514 3850 viris,
532 3764 672 3834 laudum
691 3764 849 3855 festinus,
868 3761 1030 3835 et'eudex

141 3885 273 3980 Ingenii
293 3911 301 3953 :
320 3887 450 3980 stupuit
466 3886 626 3980 primaeva
644 3885 687 3954 ed
705 3889 856 3956 carmina
875 3886 989 3982 plebes

143 4010 288 4096 Euboea,
308 4024 341 4078 et
361 4013 447 4080 natis
466 4026 499 4081 tc
520 4026 750 4080 monstravere
766 4025 933 4106 parentes.

144 4129 230 4200 Inde
252 4130 408 4224 frequens
429 4130 566 4226 palruae,
584 4130 744 4225 nulloque
764 4129 907 4226 ingloria
925 4156 1019 4202 sucro
