3094 5140
400 481 457 538 nob
720 485 933 564 mutunus
954 487 1064 544 uum
1085 487 1137 542 XI.
1361 489 1441 552 (ess.)

395 607 536 678 Vidistis
552 607 699 706 (Stygiis
717 627 809 682 certe
827 613 1024 684 manifestus
1042 616 1076 682 in
1095 611 1251 707 umbris)

397 731 568 825 Sanguine
579 729 741 803 foedatum
755 734 878 821 rietus,
897 749 1040 828 atroque
1055 733 1247 803 madentem

396 855 468 921 Ora
488 851 607 923 ducem
627 855 707 924 tabo
726 881 735 924 ε
757 856 916 957 miserum
936 855 1134 926 insatiabilis
1151 855 1221 925 edit

396 973 454 1074 Me
466 972 617 1042 tradente
630 991 753 1070 caput:
771 975 872 1046 modo
893 1001 1015 1071 nempe
1032 975 1222 1046 horrendus
1240 976 1283 1045 ab
1302 981 1397 1046 astris

396 1093 578 1163 Descendit
591 1119 651 1164 vos
669 1121 776 1190 usque
791 1093 906 1192 fragor
921 1124 929 1164 :
951 1122 1026 1166 mea
1041 1121 1134 1166 sacra
1152 1098 1328 1192 premebat

396 1214 608 1308 Tempestas,
626 1241 689 1312 ego
710 1218 813 1287 mixtu
835 1219 899 1286 viri
918 1215 1096 1286 furialibus
1114 1218 1216 1286 armis

396 1336 489 1408 Bella
504 1338 632 1427 Deurm
649 1353 683 1406 et
702 1363 842 1433 magnas
860 1337 1014 1408 ridebam
1028 1337 1178 1408 fulminis
1200 1340 1277 1408 iras.

396 1460 461 1529 Sed
471 1461 541 1556 jam
555 1460 704 1554 (effabor
717 1459 833 1554 enirn)
851 1459 953 1556 longo
970 1458 1094 1530 sudore
1105 1459 1264 1530 fatiscunt

397 1578 529 1669 Corda,
550 1605 658 1664 soror,
678 1559 848 1676 tardaque
866 1605 1008 1678 manus:
1028 1581 1130 1652 hebet
1145 1580 1252 1650 infera
1269 1580 1355 1651 eoelo

395 1705 522 1788 Taxus,
541 1717 576 1771 et
592 1704 739 1772 insuetos
755 1727 882 1798 angues
897 1705 1108 1774 nimia'astra
1122 1718 1295 1798 soporant.

395 1826 466 1910 Tu,
488 1825 544 1893 cui
562 1838 653 1894 totus
673 1822 785 1900 adhuc
803 1823 910 1913 furor,
928 1823 1163 1919 exsultantque
1180 1841 1330 1894 recentes

395 1945 513 2040 Cocyti
527 1944 569 2014 de
583 1944 678 2016 fonte
691 1969 812 2034 comas,
834 1945 878 2014 da
889 1946 1033 2040 jungere
1049 1947 1146 2016 vires.

396 2067 475 2136 Non
494 2064 608 2136 solitas
628 2066 735 2154 acies,
757 2091 819 2168 nec
839 2069 964 2138 Martia
983 2063 1072 2136 bella
1090 2091 1266 2164 paramus,

395 2187 462 2257 Sed
483 2187 624 2257 fratrum
646 2186 746 2283 (licet
764 2185 852 2258 alma
873 2187 970 2276 fides,
994 2189 1168 2283 pietasque
1186 2204 1386 2288 repugnent,

395 2306 622 2403 Vincentur),
641 2307 784 2400 fratrum
797 2309 982 2404 stringendi
1002 2311 1156 2378 eominus
1173 2333 1279 2380 enses.

395 2430 534 2502 Grande
554 2454 640 2525 opus
661 2457 670 2500 ε
692 2433 773 2526 ipsse
790 2430 895 2518 odiis,
916 2433 994 2527 ipsae
1011 2430 1220 2502 discordibus
1237 2433 1340 2502 armis

394 2553 588 2646 Aptemur:
610 2550 691 2646 quid
709 2549 798 2623 lenta
817 2553 934 2622 venis?
954 2551 1097 2648 agedum
1115 2551 1215 2648 elige,
1234 2554 1331 2647 cujus

286 2700 287 2709 ¹
394 2673 498 2768 Signa
511 2672 618 2743 feras:
638 2674 738 2743 ambo
757 2671 892 2758 faciles,
915 2675 1108 2768 nostrique3
1126 2673 1185 2743 sed
1200 2699 1326 2769 anceps

395 2792 547 2890 Vulgus,
567 2809 602 2865 et
615 2793 735 2864 allatus
751 2795 885 2884 matris,
901 2793 1127 2888 blandamque
1144 2809 1281 2889 precatu

394 2917 585 3011 Antigonen
604 2917 721 3006 timeo,
739 2913 890 3010 paullum
909 2941 951 2984 ne
965 2931 1081 2985 nostra
1101 2914 1247 2985 retardet

396 3035 569 3108 Consilia:
592 3039 664 3130 ipse
682 3039 800 3125 etiam,
822 3039 881 3131 qui
900 3061 967 3134 nos¹
980 3035 1103 3107 lassare
1123 3035 1293 3132 precando

395 3163 537 3244 Suetus,
555 3173 589 3228 et.
604 3157 740 3229 ultrices
755 3158 931 3230 oculorum
949 3181 1129 3253 exposcere
1146 3158 1254 3242 diras,

395 3282 469 3348 Jam
486 3296 582 3375 pater
598 3299 649 3350 est
668 3307 676 3350 ε
697 3295 785 3350 eoetu
802 3279 909 3350 fertur
924 3281 995 3374 jam
1013 3277 1105 3349 solus
1125 3280 1168 3348 ab
1185 3281 1275 3348 omni

301 3455 305 3466 .
395 3399 491 3471 Flere
508 3402 571 3470 sibi
591 3427 598 3470 :
619 3417 720 3496 atque
741 3400 825 3470 adeo
844 3424 959 3470 moror
975 3401 1258 3496 ipsairrumpere
1275 3399 1411 3480 Thebas,

394 3515 642 3617 Assuetumque
661 3523 764 3592 larem
784 3549 792 3590 :
812 3523 871 3592 tibi
891 3537 1006 3618 pareat
1025 3522 1147 3617 impius
1160 3519 1276 3609 exsul,

396 3643 659 3740 Argolicumque
678 3642 814 3742 impelle
830 3643 939 3733 nefas3
961 3669 1028 3714 neu
1043 3646 1133 3713 mitis
1147 3643 1309 3715 Adrastus

393 3766 591 3851 Praevaleat,
612 3764 806 3863 plebesque,
827 3791 922 3853 cave,
943 3770 1080 3835 Lernen
1101 3781 1259 3836 moretur.

394 3887 509 3975 Vnde,
529 3905 563 3968 et
584 3890 618 3956 in
637 3887 782 3958 alternas
801 3889 936 3956 inimica
956 3903 1124 3957 revertere
1143 3910 1315 3982 pugnas.»

443 4007 538 4078 Talia
555 3987 687 4105 partita>
704 4008 874 4078 diversum
890 4009 1002 4078 abiere
1020 4033 1160 4077 sorores.
1186 4099 1187 4102 Ἴ

395 4133 444 4199 Ut
458 4129 568 4200 Notus
582 4145 619 4233 et
629 4133 768 4218 Boreas,
788 4131 921 4226 gemino
940 4127 981 4199 de
996 4127 1135 4199 ,cardine
1150 4128 1286 4214 muudi,
