3200 5142
158 471 278 536 {wid
478 465 692 524 tenesmos
711 463 822 522 um
843 463 894 522 111.
1160 453 1215 510 235

158 597 366 690 Ominaque,
384 605 417 664 et
433 617 549 664 causes
567 590 653 662 coelo
668 589 798 662 deferre
814 586 957 660 latentes

159 719 380 812 Accipimus:
401 739 470 787 nou
488 714 620 810 Cyrrha
636 716 749 784 Deum
769 710 960 806 promiserit
977 722 1077 778 antro

160 840 316 925 Certim,
336 851 396 908 eut
412 835 548 907 frondes
568 833 653 906 lucis
669 857 753 930 quas
768 833 866 904 fama·
876 829 1032 902 Molossis

160 959 330 1031 Chaonias
348 959 500 1029 sonuisse
519 955 581 1027 tibi
598 982 607 1024 ε
627 955 706 1026 licet
724 955 838 1025 aridus
858 957 1027 1024 Hammon

161 1079 331 1166 invideat,
348 1082 526 1175 Lycimque
543 1091 667 1172 parent
688 1074 893 1148 contendere
913 1089 1039 1159 sortes,

160 1201 400 1295 Niliacumque
418 1220 540 1294 pecus,
557 1198 736 1294 patrioque
753 1194 889 1292 equalis
907 1195 1029 1266 honori

160 1323 360 1408 Branchus,
377 1335 412 1390 et
429 1320 569 1390 undosre
585 1320 645 1414 qui
664 1319 809 1390 rusticus
830 1316 943 1390 accole
959 1319 1042 1390 Pisoe

161 1445 254 1512 Pons
274 1439 446 1536 Lycaonia
463 1453 669 1510 nocturnum
687 1438 878 1510 exauditio
898 1439 1030 1511 umbra.

161 1562 278 1632 Ditior
293 1557 350 1630 ille
368 1561 497 1648 enimi,
513 1561 570 1630 cui
586 1573 644 1646 tu,
660 1561 803 1650 Dictaee,
822 1559 986 1633 secundas

161 1680 343 1778 Impuleris
364 1679 561 1752 manifestus
577 1703 656 1752 ures
673 1703 682 1750 s
699 1681 824 1752 mirum
841 1679 949 1770 unde,
964 1679 1024 1752 sed
1042 1680 1123 1752 olim

161 1807 227 1874 Hic
245 1804 356 1874 bonor
374 1801 537 1874 alitibus:
556 1825 685 1898 superes
707 1825 767 1872 seu
788 1801 945 1872 conditor
961 1799 1047 1873 aulae

161 1928 220 1997 Sic
239 1924 349 2011 dedit,
367 1923 511 2016 effusum
529 1923 643 1995 Chaos
658 1925 692 1994 in
714 1947 804 1996 nova
819 1925 947 1994 semina
962 1938 1091 2012 texens,

163 2051 230 2120 Seu
249 2046 328 2141 quie
346 2059 497 2134 mutatae,
514 2045 758 2140 nostraqneub
775 2046 910 2140 origine
929 2046 1034 2114 versis

163 2168 374 2263 Corporibus
393 2167 527 2238 subiere
543 2168 667 2254 Notoo;
688 2191 747 2236 seu
763 2168 882 2260 purior
899 2167 986 2254 axis,

162 2297 391 2383 Amotumque
409 2287 518 2374 nefus,
535 2302 570 2357 et
588 2313 703 2358 rarum
721 2287 875 2358 insistere
891 2287 989 2357 terris

162 2413 253 2480 Vera
270 2407 395 2480 docent
412 2435 420 2480 ε
440 2411 502 2480 tibi
519 2433 650 2480 summe
666 2424 758 2480 satos·
776 2421 942 2503 terreque
958 2412 1152 2500 Deumque,

163 2533 258 2602 Scire
274 2530 378 2604 licet:
404 2557 467 2604 nos
485 2531 650 2628 Argolicis
670 2531 856 2628 primordia
874 2557 1016 2627 pugnes,

161 2657 422 2749 venturumque
440 2656 531 2725 sines
548 2652 635 2723 coelo
652 2679 823 2750 praenosse
840 2651 1009 2724 laborem.

162 2775 199 2845 Si
220 2773 331 2864 datur,
345 2789 379 2843 et
396 2773 490 2846 dude
508 2775 601 2844 sedet
617 2775 690 2846 haec
710 2777 880 2846 sententia
898 2775 1013 2847 Parcis

164 2893 303 2966 Solvere
318 2896 500 2966 Fchiouias
519 2899 659 2966 Lernaea
678 2896 818 2990 cuspide
837 2911 967 2992 portes,

163 3019 269 3113 Signa
284 3017 388 3122 feras,
406 3016 575 3112 laevusque
597 3031 692 3088 toues
711 3043 720 3088 t
740 3033 823 3089 tunc
841 3020 952 3088 omnis
971 3019 1007 3089 in
1024 3021 1122 3090 astris

163 3140 338 3208 Cousouet
354 3161 476 3210 arcens
492 3135 640 3209 volucris
656 3138 747 3208 bona
760 3163 938 3210 murmure
954 3138 1081 3233 lingue.

162 3261 198 3328 Si
218 3259 392 3354 prohibes,
412 3259 468 3330 bic
485 3273 584 3330 necte
601 3284 713 3330 mores
728 3259 943 3356 :dextrisque
958 3259 1166 3356 profundum

162 3378 309 3450 ttitihus
325 3395 472 3476 praetexe
488 3380 588 3451 diem.
600 3410 619 3446 o
636 3381 693 3452 Sic
710 3381 813 3470 fotus,
833 3397 866 3452 et
883 3379 954 3452 alto

162 3501 318 3570 Membro
334 3500 424 3572 locet
440 3499 580 3596 scopulo
598 3527 607 3572 ε
626 3515 708 3572 tunc
724 3501 825 3598 plura
844 3503 1026 3598 ignotaque
1042 3501 1158 3596 jungit

162 3623 331 3714 Numina,
349 3638 384 3694 et
398 3623 554 3693 immensi
575 3623 703 3696 fruitur
717 3623 863 3720 caligine
882 3622 1011 3694 mundi.

212 3746 396 3838 Postquam
414 3745 478 3814 rite
496 3741 556 3814 diu
572 3747 689 3841 pertiti
708 3745 833 3835 sidera,
852 3759 991 3816 cunctus

163 3862 338 3959 Periegere
353 3866 492 3949 animis,
510 3864 685 3962 oculisque
706 3866 906 3961 sequacibus
927 3892 1044 3958 auras,

160 3987 259 4054 Tunc
282 3987 525 4082 Amythaonius
546 3988 649 4084 longo
669 4004 745 4085 post
763 4003 914 4085 tempore
935 4004 1046 4058 vates:

212 4109 363 4179 «Nonne
382 4109 446 4182 sub
463 4109 594 4184 excelso
615 4112 773 4206 spirantis
792 4109 898 4182 limite
916 4110 1010 4200 coeli,
