<?xml version="1.0" encoding="UTF-8"?>
<!DOCTYPE html PUBLIC "-//W3C//DTD XHTML 1.0 Transitional//EN"
    "http://www.w3.org/TR/xhtml1/DTD/xhtml1-transitional.dtd">
<html xmlns="http://www.w3.org/1999/xhtml" xml:lang="en" lang="en">
 <head>
  <title>
</title>
<meta http-equiv="Content-Type" content="text/html;charset=utf-8" />
  <meta name='ocr-system' content='tesseract 3.04.00' />
  <meta name='ocr-capabilities' content='ocr_page ocr_carea ocr_par ocr_line ocrx_word'/>
</head>
<body>
  <div class='ocr_page' id='page_1' title='image "./operaquaeextant00dbgoog_0020.png"; bbox 0 0 3192 5148; ppageno 0'>
   <div class='ocr_carea' id='block_1_1' title="bbox 513 435 1253 508">
    <p class='ocr_par' dir='ltr' id='par_1_1' title="bbox 513 435 1253 508">
     <span class='ocr_line' id='line_1_1' title="bbox 513 435 1253 508; baseline -0.003 -16"><span class='ocrx_word' id='word_1_1' title='bbox 513 435 673 494; x_wconf 79' lang='lat' dir='ltr'><strong>nonna</strong></span> <span class='ocrx_word' id='word_1_2' title='bbox 693 437 940 506; x_wconf 73' lang='lat' dir='ltr'><strong>armnaannt.</strong></span> <span class='ocrx_word' id='word_1_3' title='bbox 1215 435 1253 508; x_wconf 76' lang='lat' dir='ltr'><strong>vij</strong></span> 
     </span>
    </p>
   </div>
   <div class='ocr_carea' id='block_1_2' title="bbox 158 559 1358 2585">
    <p class='ocr_par' dir='ltr' id='par_1_2' title="bbox 158 559 1358 2585">
     <span class='ocr_line' id='line_1_2' title="bbox 202 559 1255 656; baseline -0.004 -24"><span class='ocrx_word' id='word_1_4' title='bbox 202 564 274 632; x_wconf 89' lang='lat' dir='ltr'><strong>nire</strong></span> <span class='ocrx_word' id='word_1_5' title='bbox 288 561 402 632; x_wconf 81' lang='lat' dir='ltr'><strong>studet</strong></span> <span class='ocrx_word' id='word_1_6' title='bbox 421 563 612 647; x_wconf 71' lang='lat' dir='ltr'><strong>Nactus,</strong></span> <span class='ocrx_word' id='word_1_7' title='bbox 632 561 653 630; x_wconf 92' lang='lat' dir='ltr'><strong>l.</strong></span> <span class='ocrx_word' id='word_1_8' title='bbox 676 564 752 650; x_wconf 80' lang='lat' dir='ltr'><strong>cit,</strong></span> <span class='ocrx_word' id='word_1_9' title='bbox 769 589 802 656; x_wconf 90' lang='lat' dir='ltr'><strong>p.</strong></span> <span class='ocrx_word' id='word_1_10' title='bbox 822 559 870 633; x_wconf 88' lang='lat'><strong>68</strong></span> <span class='ocrx_word' id='word_1_11' title='bbox 880 560 904 630; x_wconf 85' lang='lat'><strong>*.</strong></span> <span class='ocrx_word' id='word_1_12' title='bbox 925 563 979 631; x_wconf 88' lang='lat' dir='ltr'><strong>Ne</strong></span> <span class='ocrx_word' id='word_1_13' title='bbox 999 559 1113 654; x_wconf 89' lang='lat' dir='ltr'><strong>plura,</strong></span> <span class='ocrx_word' id='word_1_14' title='bbox 1130 584 1172 628; x_wconf 83' lang='lat' dir='ltr'><strong>ex</strong></span> <span class='ocrx_word' id='word_1_15' title='bbox 1188 564 1255 630; x_wconf 87' lang='lat' dir='ltr'><strong>An·</strong></span> 
     </span>
     <span class='ocr_line' id='line_1_3' title="bbox 200 679 1256 777; baseline -0.004 -25"><span class='ocrx_word' id='word_1_16' title='bbox 200 682 371 770; x_wconf 86' lang='lat' dir='ltr'><strong>timacho,</strong></span> <span class='ocrx_word' id='word_1_17' title='bbox 398 697 470 751; x_wconf 91' lang='lat' dir='ltr'><strong>tum</strong></span> <span class='ocrx_word' id='word_1_18' title='bbox 507 681 709 777; x_wconf 78' lang='lat' dir='ltr'><strong>percelebri,</strong></span> <span class='ocrx_word' id='word_1_19' title='bbox 740 681 884 752; x_wconf 90' lang='lat' dir='ltr'><strong>multum</strong></span> <span class='ocrx_word' id='word_1_20' title='bbox 912 679 1091 776; x_wconf 81' lang='lat' dir='ltr'><strong>profecisse</strong></span> <span class='ocrx_word' id='word_1_21' title='bbox 1123 679 1256 755; x_wconf 82' lang='lat' dir='ltr'><strong>videtur</strong></span> 
     </span>
     <span class='ocr_line' id='line_1_4' title="bbox 199 798 1307 898; baseline -0.006 -24"><span class='ocrx_word' id='word_1_22' title='bbox 199 804 328 874; x_wconf 78' lang='lat' dir='ltr'><strong>Statius</strong></span> <span class='ocrx_word' id='word_1_23' title='bbox 338 801 378 890; x_wconf 68' lang='lat'><strong>⁰,</strong></span> <span class='ocrx_word' id='word_1_24' title='bbox 394 801 472 871; x_wconf 88' lang='lat' dir='ltr'><strong>licet</strong></span> <span class='ocrx_word' id='word_1_25' title='bbox 485 800 538 873; x_wconf 86' lang='lat' dir='ltr'><strong>rel</strong></span> <span class='ocrx_word' id='word_1_26' title='bbox 556 827 663 898; x_wconf 86' lang='lat' dir='ltr'><strong>pauca</strong></span> <span class='ocrx_word' id='word_1_27' title='bbox 677 827 751 896; x_wconf 85' lang='lat' dir='ltr'><strong>quae</strong></span> <span class='ocrx_word' id='word_1_28' title='bbox 767 816 949 898; x_wconf 87' lang='lat' dir='ltr'><strong>supersunt</strong></span> <span class='ocrx_word' id='word_1_29' title='bbox 967 801 1154 894; x_wconf 84' lang='lat' dir='ltr'><strong>fragmenta</strong></span> <span class='ocrx_word' id='word_1_30' title='bbox 1168 798 1256 868; x_wconf 91' lang='lat' dir='ltr'><strong>illius</strong></span> <span class='ocrx_word' id='word_1_31' title='bbox 1303 817 1307 832; x_wconf 82' lang='lat'><strong>·</strong></span> 
     </span>
     <span class='ocr_line' id='line_1_5' title="bbox 199 922 1256 1020; baseline -0.001 -28"><span class='ocrx_word' id='word_1_32' title='bbox 199 923 381 994; x_wconf 87' lang='lat' dir='ltr'><strong>ostendant</strong></span> <span class='ocrx_word' id='word_1_33' title='bbox 397 948 510 994; x_wconf 90' lang='lat' dir='ltr'><strong>rerum</strong></span> <span class='ocrx_word' id='word_1_34' title='bbox 526 924 651 994; x_wconf 90' lang='lat' dir='ltr'><strong>bonam</strong></span> <span class='ocrx_word' id='word_1_35' title='bbox 666 939 795 1020; x_wconf 88' lang='lat' dir='ltr'><strong>partem</strong></span> <span class='ocrx_word' id='word_1_36' title='bbox 810 923 855 994; x_wconf 83' lang='lat' dir='ltr'><strong>ab</strong></span> <span class='ocrx_word' id='word_1_37' title='bbox 867 922 972 993; x_wconf 85' lang='lat' dir='ltr'><strong>latino</strong></span> <span class='ocrx_word' id='word_1_38' title='bbox 987 937 1085 1018; x_wconf 84' lang='lat' dir='ltr'><strong>poeta</strong></span> <span class='ocrx_word' id='word_1_39' title='bbox 1097 947 1159 1016; x_wconf 90' lang='lat' dir='ltr'><strong>pro</strong></span> <span class='ocrx_word' id='word_1_40' title='bbox 1174 947 1256 992; x_wconf 93' lang='lat' dir='ltr'><strong>con·</strong></span> 
     </span>
     <span class='ocr_line' id='line_1_6' title="bbox 200 1043 1258 1139; baseline 0 -27"><span class='ocrx_word' id='word_1_41' title='bbox 200 1043 277 1113; x_wconf 89' lang='lat' dir='ltr'><strong>silio</strong></span> <span class='ocrx_word' id='word_1_42' title='bbox 294 1069 365 1114; x_wconf 86' lang='lat' dir='ltr'><strong>esse</strong></span> <span class='ocrx_word' id='word_1_43' title='bbox 387 1044 583 1139; x_wconf 83' lang='lat' dir='ltr'><strong>neglectam.</strong></span> <span class='ocrx_word' id='word_1_44' title='bbox 609 1046 765 1132; x_wconf 86' lang='lat' dir='ltr'><strong>Etenim,</strong></span> <span class='ocrx_word' id='word_1_45' title='bbox 792 1045 885 1139; x_wconf 92' lang='lat' dir='ltr'><strong>quod</strong></span> <span class='ocrx_word' id='word_1_46' title='bbox 911 1045 997 1116; x_wconf 90' lang='lat' dir='ltr'><strong>bene</strong></span> <span class='ocrx_word' id='word_1_47' title='bbox 1016 1044 1258 1114; x_wconf 83' lang='lat' dir='ltr'><strong>demonstrarit</strong></span> 
     </span>
     <span class='ocr_line' id='line_1_7' title="bbox 205 1165 1256 1262; baseline -0.005 -23"><span class='ocrx_word' id='word_1_48' title='bbox 205 1169 257 1239; x_wconf 77' lang='lat' dir='ltr'><em>W</em></span> <span class='ocrx_word' id='word_1_49' title='bbox 257 1165 429 1252; x_wconf 68' lang='lat' dir='ltr'><strong>eleterius,</strong></span> <span class='ocrx_word' id='word_1_50' title='bbox 450 1166 620 1254; x_wconf 83' lang='lat' dir='ltr'><strong>diversum</strong></span> <span class='ocrx_word' id='word_1_51' title='bbox 638 1168 816 1260; x_wconf 83' lang='lat' dir='ltr'><strong>utriusque</strong></span> <span class='ocrx_word' id='word_1_52' title='bbox 836 1182 942 1262; x_wconf 80' lang='lat' dir='ltr'><strong>poetae</strong></span> <span class='ocrx_word' id='word_1_53' title='bbox 957 1167 1149 1238; x_wconf 88' lang='lat' dir='ltr'><strong>institutum</strong></span> <span class='ocrx_word' id='word_1_54' title='bbox 1175 1181 1256 1240; x_wconf 89' lang='lat' dir='ltr'><strong>erat.</strong></span> 
     </span>
     <span class='ocr_line' id='line_1_8' title="bbox 200 1283 1258 1382; baseline 0 -28"><span class='ocrx_word' id='word_1_55' title='bbox 200 1285 405 1356; x_wconf 75' lang='lat' dir='ltr'><strong>Antimacho</strong></span> <span class='ocrx_word' id='word_1_56' title='bbox 432 1301 584 1357; x_wconf 82' lang='lat' dir='ltr'><strong>veterum</strong></span> <span class='ocrx_word' id='word_1_57' title='bbox 605 1288 799 1382; x_wconf 84' lang='lat' dir='ltr'><strong>mythorum</strong></span> <span class='ocrx_word' id='word_1_58' title='bbox 821 1287 863 1356; x_wconf 91' lang='lat' dir='ltr'><strong>de</strong></span> <span class='ocrx_word' id='word_1_59' title='bbox 885 1286 1039 1358; x_wconf 83' lang='lat' dir='ltr'><strong>thebanis</strong></span> <span class='ocrx_word' id='word_1_60' title='bbox 1064 1283 1159 1358; x_wconf 90' lang='lat' dir='ltr'><strong>bellis</strong></span> <span class='ocrx_word' id='word_1_61' title='bbox 1178 1311 1258 1381; x_wconf 89' lang='lat' dir='ltr'><strong>opes</strong></span> 
     </span>
     <span class='ocr_line' id='line_1_9' title="bbox 199 1405 1257 1503; baseline 0.002 -29"><span class='ocrx_word' id='word_1_62' title='bbox 199 1421 233 1474; x_wconf 92' lang='lat' dir='ltr'><strong>et</strong></span> <span class='ocrx_word' id='word_1_63' title='bbox 251 1405 387 1477; x_wconf 85' lang='lat' dir='ltr'><strong>divitias</strong></span> <span class='ocrx_word' id='word_1_64' title='bbox 407 1408 668 1486; x_wconf 84' lang='lat' dir='ltr'><strong>decretumerat</strong></span> <span class='ocrx_word' id='word_1_65' title='bbox 686 1407 847 1503; x_wconf 82' lang='lat' dir='ltr'><strong>religiose</strong></span> <span class='ocrx_word' id='word_1_66' title='bbox 860 1423 1015 1480; x_wconf 83' lang='lat' dir='ltr'><strong>excutere</strong></span> <span class='ocrx_word' id='word_1_67' title='bbox 1032 1421 1066 1478; x_wconf 93' lang='lat' dir='ltr'><strong>et</strong></span> <span class='ocrx_word' id='word_1_68' title='bbox 1082 1409 1257 1502; x_wconf 91' lang='lat' dir='ltr'><strong>antiquam</strong></span> 
     </span>
     <span class='ocr_line' id='line_1_10' title="bbox 199 1528 1258 1624; baseline 0.001 -28"><span class='ocrx_word' id='word_1_69' title='bbox 199 1530 395 1598; x_wconf 87' lang='lat' dir='ltr'><strong>memoriam</strong></span> <span class='ocrx_word' id='word_1_70' title='bbox 423 1529 600 1624; x_wconf 88' lang='lat' dir='ltr'><strong>complecti</strong></span> <span class='ocrx_word' id='word_1_71' title='bbox 625 1544 747 1617; x_wconf 89' lang='lat' dir='ltr'><strong>totam,</strong></span> <span class='ocrx_word' id='word_1_72' title='bbox 770 1530 923 1600; x_wconf 83' lang='lat' dir='ltr'><strong>historici</strong></span> <span class='ocrx_word' id='word_1_73' title='bbox 949 1543 1055 1624; x_wconf 84' lang='lat' dir='ltr'><strong>poetae</strong></span> <span class='ocrx_word' id='word_1_74' title='bbox 1073 1528 1166 1598; x_wconf 87' lang='lat' dir='ltr'><strong>fide:</strong></span> <span class='ocrx_word' id='word_1_75' title='bbox 1191 1533 1258 1598; x_wconf 87' lang='lat' dir='ltr'><strong>Ro-</strong></span> 
     </span>
     <span class='ocr_line' id='line_1_11' title="bbox 198 1648 1259 1746; baseline 0 -28"><span class='ocrx_word' id='word_1_76' title='bbox 198 1673 320 1720; x_wconf 90' lang='lat' dir='ltr'><strong>manus</strong></span> <span class='ocrx_word' id='word_1_77' title='bbox 338 1650 402 1720; x_wconf 84' lang='lat' dir='ltr'><strong>hac</strong></span> <span class='ocrx_word' id='word_1_78' title='bbox 423 1649 507 1722; x_wconf 86' lang='lat' dir='ltr'><strong>silva</strong></span> <span class='ocrx_word' id='word_1_79' title='bbox 526 1652 683 1724; x_wconf 89' lang='lat' dir='ltr'><strong>utebatur</strong></span> <span class='ocrx_word' id='word_1_80' title='bbox 701 1650 744 1720; x_wconf 87' lang='lat' dir='ltr'><strong>ad</strong></span> <span class='ocrx_word' id='word_1_81' title='bbox 760 1652 889 1746; x_wconf 82' lang='lat' dir='ltr'><strong>ingenii</strong></span> <span class='ocrx_word' id='word_1_82' title='bbox 904 1651 1181 1738; x_wconf 75' lang='lat' dir='ltr'><strong>ostentationem,</strong></span> <span class='ocrx_word' id='word_1_83' title='bbox 1204 1648 1259 1719; x_wconf 90' lang='lat' dir='ltr'><strong>de·</strong></span> 
     </span>
     <span class='ocr_line' id='line_1_12' title="bbox 200 1770 1259 1869; baseline -0.002 -29"><span class='ocrx_word' id='word_1_84' title='bbox 200 1793 340 1865; x_wconf 81' lang='lat' dir='ltr'><strong>serpens</strong></span> <span class='ocrx_word' id='word_1_85' title='bbox 356 1770 437 1842; x_wconf 91' lang='lat' dir='ltr'><strong>inde</strong></span> <span class='ocrx_word' id='word_1_86' title='bbox 457 1797 533 1864; x_wconf 77' lang='lat' dir='ltr'><strong>quae</strong></span> <span class='ocrx_word' id='word_1_87' title='bbox 551 1786 729 1844; x_wconf 74' lang='lat' dir='ltr'><strong>«tractata</strong></span> <span class='ocrx_word' id='word_1_88' title='bbox 752 1778 914 1842; x_wconf 81' lang='lat' dir='ltr'><strong>nitescere</strong></span> <span class='ocrx_word' id='word_1_89' title='bbox 927 1796 1064 1869; x_wconf 76' lang='lat' dir='ltr'><strong>posse»</strong></span> <span class='ocrx_word' id='word_1_90' title='bbox 1088 1770 1259 1866; x_wconf 81' lang='lat' dir='ltr'><strong>sperabat,</strong></span> 
     </span>
     <span class='ocr_line' id='line_1_13' title="bbox 199 1891 1259 1990; baseline 0 -31"><span class='ocrx_word' id='word_1_91' title='bbox 199 1892 382 1986; x_wconf 86' lang='lat' dir='ltr'><strong>omniaque</strong></span> <span class='ocrx_word' id='word_1_92' title='bbox 403 1892 585 1988; x_wconf 87' lang='lat' dir='ltr'><strong>disponens</strong></span> <span class='ocrx_word' id='word_1_93' title='bbox 604 1894 669 1982; x_wconf 87' lang='lat' dir='ltr'><strong>ita,</strong></span> <span class='ocrx_word' id='word_1_94' title='bbox 684 1909 768 1968; x_wconf 91' lang='lat' dir='ltr'><strong>utet</strong></span> <span class='ocrx_word' id='word_1_95' title='bbox 786 1895 949 1965; x_wconf 88' lang='lat' dir='ltr'><strong>unitatem</strong></span> <span class='ocrx_word' id='word_1_96' title='bbox 965 1891 1146 1990; x_wconf 89' lang='lat' dir='ltr'><strong>quamdam</strong></span> <span class='ocrx_word' id='word_1_97' title='bbox 1165 1893 1259 1986; x_wconf 93' lang='lat' dir='ltr'><strong>operi</strong></span> 
     </span>
     <span class='ocr_line' id='line_1_14' title="bbox 200 2012 1261 2109; baseline 0 -27"><span class='ocrx_word' id='word_1_98' title='bbox 200 2027 353 2106; x_wconf 81' lang='lat' dir='ltr'><strong>pararet,</strong></span> <span class='ocrx_word' id='word_1_99' title='bbox 374 2029 408 2082; x_wconf 94' lang='lat' dir='ltr'><strong>et</strong></span> <span class='ocrx_word' id='word_1_100' title='bbox 424 2013 595 2084; x_wconf 88' lang='lat' dir='ltr'><strong>auditores</strong></span> <span class='ocrx_word' id='word_1_101' title='bbox 613 2013 819 2109; x_wconf 89' lang='lat' dir='ltr'><strong>lectoresque</strong></span> <span class='ocrx_word' id='word_1_102' title='bbox 837 2039 906 2085; x_wconf 93' lang='lat' dir='ltr'><strong>non</strong></span> <span class='ocrx_word' id='word_1_103' title='bbox 930 2013 1077 2102; x_wconf 86' lang='lat' dir='ltr'><strong>laxaret,</strong></span> <span class='ocrx_word' id='word_1_104' title='bbox 1100 2012 1158 2084; x_wconf 88' lang='lat' dir='ltr'><strong>sed</strong></span> <span class='ocrx_word' id='word_1_105' title='bbox 1184 2037 1261 2106; x_wconf 91' lang='lat' dir='ltr'><strong>pro·</strong></span> 
     </span>
     <span class='ocr_line' id='line_1_15' title="bbox 158 2132 1260 2229; baseline -0.001 -28"><span class='ocrx_word' id='word_1_106' title='bbox 158 2147 162 2156; x_wconf 86' lang='lat'><strong><em>&#39;</em></strong></span> <span class='ocrx_word' id='word_1_107' title='bbox 199 2132 356 2224; x_wconf 80' lang='lat' dir='ltr'><strong>grediens</strong></span> <span class='ocrx_word' id='word_1_108' title='bbox 381 2133 481 2204; x_wconf 89' lang='lat' dir='ltr'><strong>altius</strong></span> <span class='ocrx_word' id='word_1_109' title='bbox 500 2160 606 2228; x_wconf 90' lang='lat' dir='ltr'><strong>usque</strong></span> <span class='ocrx_word' id='word_1_110' title='bbox 625 2150 861 2214; x_wconf 85' lang='lat' dir='ltr'><strong>commoveret.</strong></span> <span class='ocrx_word' id='word_1_111' title='bbox 887 2135 1004 2224; x_wconf 81' lang='lat' dir='ltr'><strong>Quare</strong></span> <span class='ocrx_word' id='word_1_112' title='bbox 1025 2135 1173 2229; x_wconf 90' lang='lat' dir='ltr'><strong>primum</strong></span> <span class='ocrx_word' id='word_1_113' title='bbox 1193 2135 1260 2200; x_wconf 78' lang='lat' dir='ltr'><strong>Ho</strong></span> 
     </span>
     <span class='ocr_line' id='line_1_16' title="bbox 200 2250 1261 2349; baseline -0.002 -27"><span class='ocrx_word' id='word_1_114' title='bbox 200 2256 326 2335; x_wconf 86' lang='lat' dir='ltr'><strong>merico</strong></span> <span class='ocrx_word' id='word_1_115' title='bbox 344 2255 446 2326; x_wconf 93' lang='lat' dir='ltr'><strong>modo</strong></span> <span class='ocrx_word' id='word_1_116' title='bbox 464 2252 624 2346; x_wconf 74' lang='grc' dir='ltr'><strong><em>ἀριστείας</em></strong></span> <span class='ocrx_word' id='word_1_117' title='bbox 642 2257 797 2345; x_wconf 84' lang='lat' dir='ltr'><strong>induxit,</strong></span> <span class='ocrx_word' id='word_1_118' title='bbox 812 2259 834 2325; x_wconf 60' lang='lat' dir='ltr'><strong>ir</strong></span> <span class='ocrx_word' id='word_1_119' title='bbox 850 2281 879 2327; x_wconf 89' lang='lat' dir='ltr'><strong>e.</strong></span> <span class='ocrx_word' id='word_1_120' title='bbox 898 2256 933 2326; x_wconf 92' lang='lat' dir='ltr'><strong>in</strong></span> <span class='ocrx_word' id='word_1_121' title='bbox 946 2279 1083 2349; x_wconf 92' lang='lat' dir='ltr'><strong>quoque</strong></span> <span class='ocrx_word' id='word_1_122' title='bbox 1100 2253 1187 2323; x_wconf 91' lang='lat' dir='ltr'><strong>libro</strong></span> <span class='ocrx_word' id='word_1_123' title='bbox 1204 2250 1261 2321; x_wconf 82' lang='lat' dir='ltr'><strong>ati-</strong></span> 
     </span>
     <span class='ocr_line' id='line_1_17' title="bbox 200 2371 1358 2472; baseline -0.001 -29"><span class='ocrx_word' id='word_1_124' title='bbox 200 2397 302 2466; x_wconf 92' lang='lat' dir='ltr'><strong>quem</strong></span> <span class='ocrx_word' id='word_1_125' title='bbox 322 2374 364 2444; x_wconf 89' lang='lat' dir='ltr'><strong>de</strong></span> <span class='ocrx_word' id='word_1_126' title='bbox 380 2391 508 2471; x_wconf 85' lang='lat' dir='ltr'><strong>septem</strong></span> <span class='ocrx_word' id='word_1_127' title='bbox 527 2377 670 2450; x_wconf 90' lang='lat' dir='ltr'><strong>ducibus</strong></span> <span class='ocrx_word' id='word_1_128' title='bbox 686 2378 877 2472; x_wconf 85' lang='lat' dir='ltr'><strong>principem</strong></span> <span class='ocrx_word' id='word_1_129' title='bbox 893 2375 1009 2472; x_wconf 75' lang='lat' dir='ltr'><strong>gloriae</strong></span> <span class='ocrx_word' id='word_1_130' title='bbox 1028 2389 1061 2446; x_wconf 92' lang='lat' dir='ltr'><strong>et</strong></span> <span class='ocrx_word' id='word_1_131' title='bbox 1076 2395 1200 2470; x_wconf 76' lang='lat' dir='ltr'><strong>pugna</strong></span> <span class='ocrx_word' id='word_1_132' title='bbox 1217 2371 1261 2442; x_wconf 85' lang='lat' dir='ltr'><strong>le·</strong></span> <span class='ocrx_word' id='word_1_133' title='bbox 1354 2447 1358 2458; x_wconf 61' lang='grc'>,</span> 
     </span>
     <span class='ocr_line' id='line_1_18' title="bbox 199 2495 1260 2585; baseline -0.001 -22"><span class='ocrx_word' id='word_1_134' title='bbox 199 2495 258 2564; x_wconf 91' lang='lat' dir='ltr'><strong>cit.</strong></span> <span class='ocrx_word' id='word_1_135' title='bbox 278 2497 415 2574; x_wconf 86' lang='lat' dir='ltr'><strong>Deinde</strong></span> <span class='ocrx_word' id='word_1_136' title='bbox 441 2525 553 2570; x_wconf 90' lang='lat' dir='ltr'><strong>rerum</strong></span> <span class='ocrx_word' id='word_1_137' title='bbox 573 2499 727 2570; x_wconf 88' lang='lat' dir='ltr'><strong>ordinem</strong></span> <span class='ocrx_word' id='word_1_138' title='bbox 753 2500 801 2568; x_wconf 89' lang='lat' dir='ltr'><strong>ita</strong></span> <span class='ocrx_word' id='word_1_139' title='bbox 822 2499 977 2585; x_wconf 85' lang='lat' dir='ltr'><strong>invertit,</strong></span> <span class='ocrx_word' id='word_1_140' title='bbox 997 2509 1036 2566; x_wconf 91' lang='lat' dir='ltr'><strong>ut</strong></span> <span class='ocrx_word' id='word_1_141' title='bbox 1052 2510 1130 2566; x_wconf 88' lang='lat' dir='ltr'><strong>ante</strong></span> <span class='ocrx_word' id='word_1_142' title='bbox 1145 2519 1260 2563; x_wconf 90' lang='lat' dir='ltr'><strong>omnes</strong></span> 
     </span>
    </p>
   </div>
   <div class='ocr_carea' id='block_1_3' title="bbox 200 2612 1260 2714">
    <p class='ocr_par' dir='ltr' id='par_1_3' title="bbox 200 2612 1260 2714">
     <span class='ocr_line' id='line_1_19' title="bbox 200 2612 1260 2714; baseline -0.003 -30"><span class='ocrx_word' id='word_1_143' title='bbox 200 2616 445 2714; x_wconf 77' lang='lat' dir='ltr'><strong>Amphiaraum</strong></span> <span class='ocrx_word' id='word_1_144' title='bbox 477 2621 568 2690; x_wconf 90' lang='lat' dir='ltr'><strong>Orco</strong></span> <span class='ocrx_word' id='word_1_145' title='bbox 594 2619 799 2707; x_wconf 84' lang='lat' dir='ltr'><strong>demitteret,</strong></span> <span class='ocrx_word' id='word_1_146' title='bbox 829 2643 874 2698; x_wconf 32' lang='lat' dir='ltr'><strong>,ne</strong></span> <span class='ocrx_word' id='word_1_147' title='bbox 897 2617 1020 2687; x_wconf 85' lang='lat' dir='ltr'><strong>mortis</strong></span> <span class='ocrx_word' id='word_1_148' title='bbox 1043 2616 1115 2710; x_wconf 87' lang='lat' dir='ltr'><strong>ejus</strong></span> <span class='ocrx_word' id='word_1_149' title='bbox 1141 2612 1260 2684; x_wconf 86' lang='lat' dir='ltr'><strong>lenitas</strong></span> 
     </span>
    </p>
   </div>
   <div class='ocr_carea' id='block_1_4' title="bbox 199 2866 1261 3516">
    <p class='ocr_par' dir='ltr' id='par_1_4' title="bbox 199 2866 1261 3392">
     <span class='ocr_line' id='line_1_20' title="bbox 241 2866 1261 2945; baseline -0.003 -20"><span class='ocrx_word' id='word_1_150' title='bbox 241 2869 256 2896; x_wconf 76' lang='lat'><strong>*</strong></span> <span class='ocrx_word' id='word_1_151' title='bbox 269 2871 377 2926; x_wconf 88' lang='lat' dir='ltr'><strong>Totum</strong></span> <span class='ocrx_word' id='word_1_152' title='bbox 390 2870 557 2944; x_wconf 82' lang='lat' dir='ltr'><strong>mythorum</strong></span> <span class='ocrx_word' id='word_1_153' title='bbox 571 2870 608 2928; x_wconf 88' lang='lat' dir='ltr'><strong>de</strong></span> <span class='ocrx_word' id='word_1_154' title='bbox 622 2869 753 2926; x_wconf 87' lang='lat' dir='ltr'><strong>thebanis</strong></span> <span class='ocrx_word' id='word_1_155' title='bbox 767 2869 850 2926; x_wconf 84' lang='lat' dir='ltr'><strong>bellis</strong></span> <span class='ocrx_word' id='word_1_156' title='bbox 864 2871 976 2945; x_wconf 86' lang='lat' dir='ltr'><strong>cyclum</strong></span> <span class='ocrx_word' id='word_1_157' title='bbox 991 2878 1019 2924; x_wconf 93' lang='lat' dir='ltr'><strong>et</strong></span> <span class='ocrx_word' id='word_1_158' title='bbox 1028 2878 1181 2942; x_wconf 88' lang='lat' dir='ltr'><strong>poetarum</strong></span> <span class='ocrx_word' id='word_1_159' title='bbox 1199 2866 1261 2939; x_wconf 84' lang='lat' dir='ltr'><strong>ejus</strong></span> 
     </span>
     <span class='ocr_line' id='line_1_21' title="bbox 200 2957 1261 3035; baseline -0.003 -20"><span class='ocrx_word' id='word_1_160' title='bbox 200 2960 344 3016; x_wconf 82' lang='lat' dir='ltr'><strong>tractandi</strong></span> <span class='ocrx_word' id='word_1_161' title='bbox 363 2962 491 3018; x_wconf 85' lang='lat' dir='ltr'><strong>rationes</strong></span> <span class='ocrx_word' id='word_1_162' title='bbox 504 2981 615 3018; x_wconf 89' lang='lat' dir='ltr'><strong>summa</strong></span> <span class='ocrx_word' id='word_1_163' title='bbox 628 2961 767 3018; x_wconf 75' lang='lat' dir='ltr'><strong>doctrina</strong></span> <span class='ocrx_word' id='word_1_164' title='bbox 781 2961 865 3035; x_wconf 83' lang='lat' dir='ltr'><strong>eopia</strong></span> <span class='ocrx_word' id='word_1_165' title='bbox 880 2959 1014 3034; x_wconf 84' lang='lat' dir='ltr'><strong>exposuit</strong></span> <span class='ocrx_word' id='word_1_166' title='bbox 1024 2961 1216 3016; x_wconf 81' lang='lat' dir='ltr'><strong>Wsncmus</strong></span> <span class='ocrx_word' id='word_1_167' title='bbox 1230 2957 1261 3012; x_wconf 92' lang='lat' dir='ltr'><strong>in</strong></span> 
     </span>
     <span class='ocr_line' id='line_1_22' title="bbox 201 3050 1261 3127; baseline -0.005 -17"><span class='ocrx_word' id='word_1_168' title='bbox 201 3053 415 3127; x_wconf 75' lang='lat' dir='ltr'><strong>Ephemeniiib.</strong></span> <span class='ocrx_word' id='word_1_169' title='bbox 435 3054 571 3111; x_wconf 79' lang='lat' dir='ltr'><strong>scholast.</strong></span> <span class='ocrx_word' id='word_1_170' title='bbox 591 3055 761 3111; x_wconf 82' lang='lat' dir='ltr'><strong>Darmstad.</strong></span> <span class='ocrx_word' id='word_1_171' title='bbox 776 3073 802 3110; x_wconf 90' lang='lat' dir='ltr'><strong>a.</strong></span> <span class='ocrx_word' id='word_1_172' title='bbox 826 3051 918 3124; x_wconf 78' lang='lat'><strong>1832,</strong></span> <span class='ocrx_word' id='word_1_173' title='bbox 939 3051 1011 3109; x_wconf 82' lang='lat' dir='ltr'><strong>febr.</strong></span> <span class='ocrx_word' id='word_1_174' title='bbox 1034 3061 1064 3107; x_wconf 88' lang='lat' dir='ltr'><strong>et</strong></span> <span class='ocrx_word' id='word_1_175' title='bbox 1080 3061 1178 3120; x_wconf 81' lang='lat' dir='ltr'><strong>mart,</strong></span> <span class='ocrx_word' id='word_1_176' title='bbox 1193 3050 1261 3106; x_wconf 84' lang='lat' dir='ltr'><strong>inde</strong></span> 
     </span>
     <span class='ocr_line' id='line_1_23' title="bbox 199 3143 1261 3221; baseline -0.005 -19"><span class='ocrx_word' id='word_1_177' title='bbox 199 3165 217 3202; x_wconf 88' lang='lat' dir='ltr'><strong>a</strong></span> <span class='ocrx_word' id='word_1_178' title='bbox 236 3163 280 3200; x_wconf 89' lang='lat' dir='ltr'><strong>nr.</strong></span> <span class='ocrx_word' id='word_1_179' title='bbox 303 3153 337 3212; x_wconf 72' lang='lat' dir='ltr'><strong>rt</strong></span> <span class='ocrx_word' id='word_1_180' title='bbox 353 3157 382 3202; x_wconf 88' lang='lat' dir='ltr'><strong>et</strong></span> <span class='ocrx_word' id='word_1_181' title='bbox 396 3165 493 3220; x_wconf 89' lang='lat' dir='ltr'><strong>seqq.,</strong></span> <span class='ocrx_word' id='word_1_182' title='bbox 513 3165 543 3221; x_wconf 91' lang='lat' dir='ltr'><strong>p.</strong></span> <span class='ocrx_word' id='word_1_183' title='bbox 569 3145 719 3218; x_wconf 71' lang='lat' dir='ltr'><strong>roi-1803</strong></span> <span class='ocrx_word' id='word_1_184' title='bbox 739 3143 877 3219; x_wconf 74' lang='lat'><strong>209-250</strong></span> <span class='ocrx_word' id='word_1_185' title='bbox 898 3163 905 3198; x_wconf 80' lang='grc' dir='ltr'><strong>ι</strong></span> <span class='ocrx_word' id='word_1_186' title='bbox 929 3143 1126 3199; x_wconf 72' lang='lat' dir='ltr'><strong>thebaeana</strong></span> <span class='ocrx_word' id='word_1_187' title='bbox 1145 3143 1261 3218; x_wconf 82' lang='lat' dir='ltr'><strong>Epigo-</strong></span> 
     </span>
     <span class='ocr_line' id='line_1_24' title="bbox 199 3233 1260 3316; baseline -0.004 -20"><span class='ocrx_word' id='word_1_188' title='bbox 199 3257 265 3296; x_wconf 80' lang='lat' dir='ltr'><strong>nen.</strong></span> <span class='ocrx_word' id='word_1_189' title='bbox 280 3237 452 3313; x_wconf 85' lang='lat' dir='ltr'><strong>lbip.158</strong></span> <span class='ocrx_word' id='word_1_190' title='bbox 466 3258 510 3316; x_wconf 86' lang='lat' dir='ltr'><strong>sq</strong></span> <span class='ocrx_word' id='word_1_191' title='bbox 530 3239 567 3297; x_wconf 87' lang='lat' dir='ltr'><strong>de</strong></span> <span class='ocrx_word' id='word_1_192' title='bbox 590 3238 786 3306; x_wconf 75' lang='lat' dir='ltr'><strong>Antimaeh03</strong></span> <span class='ocrx_word' id='word_1_193' title='bbox 801 3247 881 3311; x_wconf 89' lang='lat' dir='ltr'><strong>etp.</strong></span> <span class='ocrx_word' id='word_1_194' title='bbox 909 3236 981 3292; x_wconf 81' lang='lat'>161-</span> <span class='ocrx_word' id='word_1_195' title='bbox 985 3235 1039 3304; x_wconf 75' lang='lat'><strong>164</strong></span> <span class='ocrx_word' id='word_1_196' title='bbox 1063 3233 1205 3310; x_wconf 80' lang='lat' dir='ltr'><strong>exquisita</strong></span> <span class='ocrx_word' id='word_1_197' title='bbox 1224 3235 1260 3292; x_wconf 85' lang='lat' dir='ltr'><strong>de</strong></span> 
     </span>
     <span class='ocr_line' id='line_1_25' title="bbox 202 3331 558 3392; baseline -0.006 0"><span class='ocrx_word' id='word_1_198' title='bbox 202 3333 295 3392; x_wconf 86' lang='lat' dir='ltr'><strong>Statio</strong></span> <span class='ocrx_word' id='word_1_199' title='bbox 309 3331 452 3390; x_wconf 84' lang='lat' dir='ltr'><strong>disseruit.</strong></span> <span class='ocrx_word' id='word_1_200' title='bbox 557 3385 558 3390; x_wconf 75' lang='grc'>,</span> 
     </span>
    </p>

    <p class='ocr_par' dir='ltr' id='par_1_5' title="bbox 239 3367 1260 3516">
     <span class='ocr_line' id='line_1_26' title="bbox 239 3367 1260 3516; baseline -0.006 -35.732"><span class='ocrx_word' id='word_1_201' title='bbox 239 3423 318 3480; x_wconf 75' lang='lat' dir='ltr'><strong>“Et</strong></span> <span class='ocrx_word' id='word_1_202' title='bbox 333 3425 484 3480; x_wconf 82' lang='lat' dir='ltr'><strong>erathaec</strong></span> <span class='ocrx_word' id='word_1_203' title='bbox 461 3443 533 3516; x_wconf 83' lang='lat' dir='ltr'><strong>Jarn</strong></span> <span class='ocrx_word' id='word_1_204' title='bbox 547 3423 667 3498; x_wconf 78' lang='lat' dir='ltr'><strong>antiqua</strong></span> <span class='ocrx_word' id='word_1_205' title='bbox 674 3423 758 3480; x_wconf 83' lang='lat' dir='ltr'><strong>fama</strong></span> <span class='ocrx_word' id='word_1_206' title='bbox 768 3367 863 3478; x_wconf 87' lang='lat' dir='ltr'><strong>Schol.</strong></span> <span class='ocrx_word' id='word_1_207' title='bbox 873 3420 1043 3476; x_wconf 84' lang='lat' dir='ltr'><strong>Barthranus</strong></span> <span class='ocrx_word' id='word_1_208' title='bbox 1051 3418 1088 3475; x_wconf 89' lang='lat' dir='ltr'><strong>ad</strong></span> <span class='ocrx_word' id='word_1_209' title='bbox 1096 3418 1198 3486; x_wconf 65' lang='lat' dir='ltr'><strong>Theb„</strong></span> <span class='ocrx_word' id='word_1_210' title='bbox 1207 3439 1260 3488; x_wconf 93' lang='grc' dir='ltr'><strong>ιιι,</strong></span> 
     </span>
    </p>
   </div>
   <div class='ocr_carea' id='block_1_5' title="bbox 200 3509 1259 3606">
    <p class='ocr_par' dir='ltr' id='par_1_6' title="bbox 200 3509 1259 3606">
     <span class='ocr_line' id='line_1_27' title="bbox 200 3509 1259 3606; baseline -0.007 -32"><span class='ocrx_word' id='word_1_211' title='bbox 200 3517 281 3582; x_wconf 68' lang='grc'><strong>466(</strong></span> <span class='ocrx_word' id='word_1_212' title='bbox 296 3516 428 3606; x_wconf 76' lang='lat' dir='ltr'><strong>«Dicunt</strong></span> <span class='ocrx_word' id='word_1_213' title='bbox 443 3526 559 3592; x_wconf 85' lang='lat' dir='ltr'><strong>poetam</strong></span> <span class='ocrx_word' id='word_1_214' title='bbox 574 3516 629 3573; x_wconf 88' lang='lat' dir='ltr'><strong>ista</strong></span> <span class='ocrx_word' id='word_1_215' title='bbox 643 3513 740 3572; x_wconf 88' lang='lat' dir='ltr'><strong>omnia</strong></span> <span class='ocrx_word' id='word_1_216' title='bbox 753 3533 790 3570; x_wconf 88' lang='lat' dir='ltr'><strong>ex</strong></span> <span class='ocrx_word' id='word_1_217' title='bbox 803 3532 896 3588; x_wconf 71' lang='lat' dir='ltr'><strong>graec</strong></span> <span class='ocrx_word' id='word_1_218' title='bbox 910 3522 996 3587; x_wconf 83' lang='lat' dir='ltr'><strong>poete</strong></span> <span class='ocrx_word' id='word_1_219' title='bbox 1010 3509 1184 3567; x_wconf 77' lang='lat' dir='ltr'><strong>Antimacho</strong></span> <span class='ocrx_word' id='word_1_220' title='bbox 1204 3511 1259 3567; x_wconf 88' lang='lat' dir='ltr'><strong>de-</strong></span> 
     </span>
    </p>
   </div>
   <div class='ocr_carea' id='block_1_6' title="bbox 197 3599 1385 3687">
    <p class='ocr_par' dir='ltr' id='par_1_7' title="bbox 197 3599 1385 3687">
     <span class='ocr_line' id='line_1_28' title="bbox 197 3599 1385 3687; baseline -0.007 -21"><span class='ocrx_word' id='word_1_221' title='bbox 197 3599 315 3667; x_wconf 74' lang='lat' dir='ltr'><strong>duiisse</strong></span> <span class='ocrx_word' id='word_1_222' title='bbox 321 3599 398 3684; x_wconf 82' lang='lat' dir='ltr'><strong>,qui</strong></span> <span class='ocrx_word' id='word_1_223' title='bbox 419 3615 448 3666; x_wconf 77' lang='lat' dir='ltr'><strong>et</strong></span> <span class='ocrx_word' id='word_1_224' title='bbox 468 3609 530 3684; x_wconf 85' lang='lat' dir='ltr'><strong>ipse</strong></span> <span class='ocrx_word' id='word_1_225' title='bbox 543 3603 686 3687; x_wconf 69' lang='lat' dir='ltr'><strong>[lonlgam</strong></span> <span class='ocrx_word' id='word_1_226' title='bbox 699 3604 878 3664; x_wconf 75' lang='lat' dir='ltr'><strong>Thebaidem</strong></span> <span class='ocrx_word' id='word_1_227' title='bbox 893 3604 1007 3679; x_wconf 85' lang='lat' dir='ltr'><strong>scripsit</strong></span> <span class='ocrx_word' id='word_1_228' title='bbox 1024 3614 1053 3661; x_wconf 85' lang='lat' dir='ltr'><strong>et</strong></span> <span class='ocrx_word' id='word_1_229' title='bbox 1066 3602 1238 3662; x_wconf 81' lang='lat' dir='ltr'><strong>veteribus&#39;</strong></span> <span class='ocrx_word' id='word_1_230' title='bbox 1230 3623 1260 3660; x_wconf 85' lang='grc' dir='ltr'><strong>ιιι</strong></span> <span class='ocrx_word' id='word_1_231' title='bbox 1379 3671 1385 3684; x_wconf 85' lang='lat'><strong>.</strong></span> 
     </span>
    </p>
   </div>
   <div class='ocr_carea' id='block_1_7' title="bbox 197 3695 1258 3874">
    <p class='ocr_par' dir='ltr' id='par_1_8' title="bbox 197 3695 1258 3872">
     <span class='ocr_line' id='line_1_29' title="bbox 198 3695 1258 3777; baseline -0.007 -18"><span class='ocrx_word' id='word_1_232' title='bbox 198 3719 304 3777; x_wconf 74' lang='lat' dir='ltr'><strong>magno</strong></span> <span class='ocrx_word' id='word_1_233' title='bbox 322 3702 419 3777; x_wconf 87' lang='lat' dir='ltr'><strong>pretio</strong></span> <span class='ocrx_word' id='word_1_234' title='bbox 438 3702 596 3761; x_wconf 72' lang='lat' dir='ltr'><strong>habitam.»</strong></span> <span class='ocrx_word' id='word_1_235' title='bbox 612 3703 714 3776; x_wconf 86' lang='lat' dir='ltr'><strong>Neque</strong></span> <span class='ocrx_word' id='word_1_236' title='bbox 728 3702 785 3756; x_wconf 89' lang='lat' dir='ltr'><strong>hoc</strong></span> <span class='ocrx_word' id='word_1_237' title='bbox 800 3699 986 3774; x_wconf 82' lang='lat' dir='ltr'><strong>redarguitur</strong></span> <span class='ocrx_word' id='word_1_238' title='bbox 999 3695 1070 3753; x_wconf 87' lang='lat' dir='ltr'><strong>locis</strong></span> <span class='ocrx_word' id='word_1_239' title='bbox 1085 3695 1258 3772; x_wconf 88' lang='lat' dir='ltr'><strong>quibusdam</strong></span> 
     </span>
     <span class='ocr_line' id='line_1_30' title="bbox 197 3787 1257 3874; baseline -0.007 -23"><span class='ocrx_word' id='word_1_240' title='bbox 197 3795 382 3872; x_wconf 79' lang='lat' dir='ltr'><strong>singulis,1n</strong></span> <span class='ocrx_word' id='word_1_241' title='bbox 398 3795 505 3874; x_wconf 83' lang='lat' dir='ltr'><strong>quibus</strong></span> <span class='ocrx_word' id='word_1_242' title='bbox 528 3795 650 3852; x_wconf 85' lang='lat' dir='ltr'><strong>Statium</strong></span> <span class='ocrx_word' id='word_1_243' title='bbox 669 3794 705 3850; x_wconf 87' lang='lat' dir='ltr'><strong>ab</strong></span> <span class='ocrx_word' id='word_1_244' title='bbox 726 3792 895 3849; x_wconf 81' lang='lat' dir='ltr'><strong>Antimacho</strong></span> <span class='ocrx_word' id='word_1_245' title='bbox 917 3789 1131 3850; x_wconf 84' lang='lat' dir='ltr'><strong>dissentientem</strong></span> <span class='ocrx_word' id='word_1_246' title='bbox 1149 3787 1257 3863; x_wconf 88' lang='lat' dir='ltr'><strong>depre-</strong></span> 
     </span>
    </p>
   </div>
   <div class='ocr_carea' id='block_1_8' title="bbox 196 3883 1260 4057">
    <p class='ocr_par' dir='ltr' id='par_1_9' title="bbox 196 3883 1260 4057">
     <span class='ocr_line' id='line_1_31' title="bbox 197 3883 1254 3964; baseline -0.009 -20"><span class='ocrx_word' id='word_1_247' title='bbox 197 3887 372 3944; x_wconf 87' lang='lat' dir='ltr'><strong>bendimus·</strong></span> <span class='ocrx_word' id='word_1_248' title='bbox 386 3907 412 3944; x_wconf 86' lang='lat' dir='ltr'><strong>e.</strong></span> <span class='ocrx_word' id='word_1_249' title='bbox 427 3908 451 3944; x_wconf 92' lang='lat' dir='ltr'><strong>c.</strong></span> <span class='ocrx_word' id='word_1_250' title='bbox 467 3887 538 3964; x_wconf 73' lang='lat' dir='ltr'><strong>frag.</strong></span> <span class='ocrx_word' id='word_1_251' title='bbox 560 3905 598 3962; x_wconf 77' lang='lat'><strong>²9</strong></span> <span class='ocrx_word' id='word_1_252' title='bbox 612 3887 777 3943; x_wconf 80' lang='lat' dir='ltr'><strong>Antimachi</strong></span> <span class='ocrx_word' id='word_1_253' title='bbox 784 3905 860 3960; x_wconf 87' lang='lat' dir='ltr'><strong>,qur</strong></span> <span class='ocrx_word' id='word_1_254' title='bbox 851 3884 1113 3957; x_wconf 75' lang='lat' dir='ltr'><strong>Parthenopaeum</strong></span> <span class='ocrx_word' id='word_1_255' title='bbox 1128 3900 1190 3937; x_wconf 88' lang='lat' dir='ltr'><strong>non</strong></span> <span class='ocrx_word' id='word_1_256' title='bbox 1198 3883 1254 3936; x_wconf 89' lang='lat' dir='ltr'><strong>Ar</strong></span> 
     </span>
     <span class='ocr_line' id='line_1_32' title="bbox 196 3965 1260 4057; baseline -0.008 -20"><span class='ocrx_word' id='word_1_257' title='bbox 196 3980 315 4051; x_wconf 66' lang='lat' dir='ltr'><strong>adun,</strong></span> <span class='ocrx_word' id='word_1_258' title='bbox 335 3991 370 4036; x_wconf 88' lang='lat' dir='ltr'><strong>ut</strong></span> <span class='ocrx_word' id='word_1_259' title='bbox 389 3981 510 4052; x_wconf 86' lang='lat' dir='ltr'><strong>Statius,</strong></span> <span class='ocrx_word' id='word_1_260' title='bbox 528 3965 579 4038; x_wconf 82' lang='lat' dir='ltr'><strong>sed</strong></span> <span class='ocrx_word' id='word_1_261' title='bbox 602 3979 743 4057; x_wconf 77' lang='lat' dir='ltr'><strong>Argivum</strong></span> <span class='ocrx_word' id='word_1_262' title='bbox 762 3977 832 4035; x_wconf 84' lang='lat' dir='ltr'><strong>facit</strong></span> <span class='ocrx_word' id='word_1_263' title='bbox 845 3997 911 4036; x_wconf 92' lang='lat' dir='ltr'><strong>cum</strong></span> <span class='ocrx_word' id='word_1_264' title='bbox 929 3975 1105 4053; x_wconf 88' lang='lat' dir='ltr'><strong>quibusdam</strong></span> <span class='ocrx_word' id='word_1_265' title='bbox 1121 3974 1199 4046; x_wconf 80' lang='lat' dir='ltr'><strong>aliis,</strong></span> <span class='ocrx_word' id='word_1_266' title='bbox 1223 3973 1260 4029; x_wconf 83' lang='lat' dir='ltr'><strong>dc</strong></span> 
     </span>
    </p>
   </div>
   <div class='ocr_carea' id='block_1_9' title="bbox 196 4070 825 4154">
    <p class='ocr_par' dir='ltr' id='par_1_10' title="bbox 196 4070 825 4154">
     <span class='ocr_line' id='line_1_33' title="bbox 196 4070 825 4154; baseline -0.008 -21"><span class='ocrx_word' id='word_1_267' title='bbox 196 4073 692 4154; x_wconf 70' lang='lat' dir='ltr'><strong>quibusv.w11.cmuu,t.c.p.</strong></span> <span class='ocrx_word' id='word_1_268' title='bbox 713 4070 825 4147; x_wconf 69' lang='lat' dir='ltr'><strong>rdsssq.</strong></span> 
     </span>
    </p>
   </div>
   <div class='ocr_carea' id='block_1_10' title="bbox 0 0 1600 5148">
    <p class='ocr_par' dir='ltr' id='par_1_11' title="bbox 0 0 1600 5148">
     <span class='ocr_line' id='line_1_34' title="bbox 0 0 1600 5148; baseline 0 0"><span class='ocrx_word' id='word_1_269' title='bbox 0 0 1600 5148; x_wconf 95' lang='lat' dir='ltr'><strong> </strong></span> 
     </span>
    </p>
   </div>
  </div>
 </body>
</html>
