3192 5148
168 513 197 567 (v.
210 512 264 564 ne)
507 498 702 557 SILVARUM
722 497 832 554 LlBEll
855 500 876 553 l.
1185 517 1217 557 rt

167 629 307 722 Excepi,
328 627 462 720 fovique
478 626 571 710 sinu;
588 650 650 694 nec
669 623 755 694 colla
773 646 940 720 genasque

169 750 326 836 Comere,
344 772 405 816 nec
421 746 540 842 pingui
560 746 688 815 crinem
709 743 873 813 deducere
891 767 1024 838 amomo

169 870 321 938 cessavit
337 893 427 956 mea,
448 881 541 954 nate,
561 849 679 936 manus
699 891 707 933 :
730 865 812 936 mihi
830 861 935 932 dulcis
955 865 1065 958 imago

168 986 337 1058 Prosiluit.
355 985 459 1058 Celsae
476 983 595 1081 procul
615 986 725 1080 aspice
743 983 862 1055 frontis
878 983 1039 1070 honores,

170 1110 437 1202 Suggestumque
452 1125 575 1191 oomse;
595 1106 708 1174 lotias
725 1103 844 1176 metire
862 1103 944 1200 quid
963 1083 1052 1174 ultra⁰
1094 1145 1097 1153 ι

169 1227 323 1297 Emineat
339 1241 484 1298 matres:
500 1241 664 1319 quantum
677 1227 821 1298 Latonia
837 1225 1002 1320 nymphas

168 1348 274 1443 Virgo
293 1348 436 1442 premit,
457 1359 688 1441 quantumque
704 1358 835 1442 egomet
854 1344 1019 1416 Nereidas
1037 1356 1138 1412 exsto.

168 1470 247 1536 Haec
263 1480 297 1535 et
314 1465 613 1536 ceruleismecum
633 1489 835 1562 consurgere
855 1464 957 1560 digna

167 1584 354 1671 Fluctibus,
374 1600 409 1654 et
429 1599 544 1656 nostra
562 1589 673 1680 potuit
693 1584 866 1656 considere
885 1584 1012 1653 conclu
1036 1610 1043 1650 :

166 1711 210 1778 Et
227 1706 255 1775 si
271 1705 485 1776 flammiferas
502 1707 664 1800 potuisset
679 1704 838 1777 scandere
857 1703 965 1792 sedes,

168 1830 303 1922 Hasque
325 1827 452 1896 intrare
468 1825 603 1913 domos,
620 1827 683 1920 ipsi
699 1826 870 1912 erraretis,
890 1827 1040 1894 Amores.

168 1948 255 2015 Huic
273 1947 427 2040 quamvis
445 1969 564 2014 census
580 1944 731 2014 dederim
747 1943 867 2038 largita
881 1943 1012 2029 beatos,

167 2065 283 2133 Vincit
300 2087 380 2157 opes
398 2064 513 2132 animo
531 2090 539 2132 ι
561 2064 714 2156 queritur
728 2065 798 2157 jam
817 2065 913 2132 Seras
934 2086 1052 2132 avaros

169 2185 361 2278 Augustum
377 2179 536 2276 spoliasse
552 2207 686 2269 nemus,
704 2181 953 2276 Clymeneaque
972 2180 1085 2250 deesse

169 2303 350 2388 Gemina,
367 2326 429 2370 nec
446 2299 568 2371 virides
584 2303 662 2372 setis
680 2301 888 2394 illacrymare
905 2325 1036 2370 sorores
1055 2327 1063 2368 :

170 2418 306 2490 Vellera
322 2420 462 2492 Sidonio
476 2422 547 2516 jam
565 2445 671 2515 pauca
690 2422 865 2492 rubescere
886 2422 977 2508 taho,

170 2543 327 2634 Raraque
343 2539 502 2635 longaevis
519 2541 653 2612 nivibus
671 2539 829 2634 crystalla
846 2541 959 2636 gelari.

169 2661 257 2729 Huic
273 2665 452 2749 Hermum,
470 2659 628 2755 fulvoque
643 2664 772 2755 Tagum
790 2660 968 2733 decurrere
985 2659 1082 2746 limo,

174 2773 261 2868 (Nec
278 2782 357 2849 satis
373 2780 416 2849 ad
432 2779 560 2873 cultus)
577 2781 654 2851 huic
671 2780 755 2850 Inda
772 2779 911 2850 monilia
927 2779 1117 2866 Glaucum,

168 2903 372 2995 Proteaque,
389 2913 491 2994 atque
510 2923 646 2970 omnem
664 2900 812 2970 Nereida
828 2924 976 2994 quaerere
990 2901 1082 2994 jussi.
1228 2879 1232 2888 ⁸

170 3023 267 3090 Hanc
282 3022 311 3090 si
327 3019 533 3092 Thessalicos
549 3019 704 3107 vidisses,
722 3020 862 3118 Phoebe,
883 3044 944 3114 per
963 3044 1081 3114 agros,

169 3143 308 3210 Erraret
325 3141 471 3235 Daphne
488 3164 605 3210 secure
624 3166 632 3208 :
654 3141 688 3209 in
708 3139 807 3210 litore
826 3142 914 3212 Naxi

168 3261 337 3330 Theseum
351 3262 446 3355 juxta
462 3259 549 3330 foret
568 3260 639 3330 hec
658 3275 836 3355 conspecta
852 3235 982 3348 cuhile,

168 3379 323 3449 Gnosida
338 3379 503 3452 desertam
524 3379 685 3474 profugus
702 3378 851 3475 liquisset
868 3394 901 3450 et
918 3384 1023 3450 Evan.

169 3498 274 3589 Quod
292 3500 356 3570 nisi
372 3525 427 3568 me
441 3497 551 3594 longis
569 3499 730 3592 placasset
746 3503 836 3569 luno
857 3497 1016 3595 querelis,

169 3617 287 3687 Falsus
303 3619 383 3688 huic
398 3643 527 3713 pennas
544 3633 577 3688 et
594 3641 722 3692 cornua
737 3633 884 3688 sumeret
900 3621 1011 3689 aethrae

170 3742 310 3826 Rector,
328 3739 363 3806 in
380 3739 468 3808 hano
483 3763 563 3808 vero
578 3737 749 3810 cecidisset
764 3740 896 3834 Jupiter
910 3763 1004 3808 auro.

170 3857 237 3926 Sed
255 3855 391 3928 dabitur
404 3859 538 3952 juveni,
557 3859 611 3928 cui
628 3873 679 3946 tu,
697 3883 771 3928 mea
788 3883 919 3928 summa
937 3872 1098 3954 potestas,

172 3975 276 4066 Nate,
293 3978 412 4072 cupis:
433 3976 570 4048 thalami
588 3979 740 4072 quamvis
753 3979 834 4074 juga
852 3980 940 4050 ferre
959 3979 1097 4050 secundi

174 4093 269 4188 Saepe
285 4111 384 4192 neget
398 4121 540 4170 mcerens
557 4125 565 4166 :
588 4099 693 4192 ipsam
709 4102 779 4193 jam
795 4099 912 4170 cedere
930 4102 1034 4185 sensi,
