3080 5136
317 494 356 547 IN
378 494 408 546 P.
429 493 458 548 P.
481 488 607 546 sTutll
630 487 781 546 ltculLL.
803 489 873 544 LIB.
896 489 918 542 i.
1088 483 1142 542 351

136 609 283 682 Vestesque
298 611 420 664 latentes
434 605 473 686 (v.
490 604 569 682 347).
585 609 687 662 «luter
700 617 794 681 genua
809 616 837 660 et
851 603 1010 662 succinctas
1023 600 1145 680 [reuen-

91 698 295 778 cinnamomi»
311 700 532 773 Gnoso-Seq.
549 717 575 754 r.
591 697 756 756 ood.Gron.
771 696 1106 773 sparsoquetumetssieg.
1121 713 1146 765 1,

91 789 180 870 timet)
202 811 370 868 couqronere
384 793 492 860 crines,
510 792 528 848 i.
544 809 569 849 e.
586 809 619 849 ee
634 809 666 848 re
685 789 831 866 superbit,
850 790 1000 847 ambitiose
1014 787 1045 845 in
1064 803 1098 844 ea
1116 807 1146 844 se

91 897 224 942 ostentat.

131 981 234 1034 Nonne
245 980 327 1034 utiles
343 976 382 1057 (v.
398 977 475 1056 351)
489 980 586 1037 Barth.
602 995 618 1035 e
631 977 712 1034 MSS.
727 999 735 1035 1
750 979 841 1053 qusc
858 975 947 1034 vides.
964 999 977 1024 ι·

131 1073 228 1128 Litora
244 1072 337 1128 uerbis
351 1068 391 1150 (v.
407 1071 486 1150 363).
498 1072 626 1147 Aliquot
639 1067 727 1127 codd.
744 1085 769 1127 c
784 1073 937 1146 oltegg..
956 1069 1040 1126 uotis.

134 1167 172 1220 Te
183 1181 288 1239 precor
298 1162 336 1243 (v
354 1163 433 1241 293).
448 1164 646 1226 Memorabilis
662 1163 749 1220 lectio
764 1164 835 1240 heg
854 1181 891 1219 t:
907 1162 990 1230 «Ne,
1006 1175 1145 1250 precor.»

92 1261 164 1332 lieg.
191 1275 241 1313 2·
260 1259 419 1332 Deprecor.
438 1260 539 1316 Paullo
559 1267 627 1332 post
640 1256 781 1313 Weberus
804 1266 882 1312 recte
898 1255 1054 1310 distinxit:
1074 1249 1147 1308 nihii

90 1353 160 1407 utile
172 1353 255 1408 bellis
272 1353 325 1406 Ηὶο
331 1351 477 1424 Ἠχαηιαιπ
497 1351 550 1408 Ed.
566 1353 675 1406 horn:
689 1369 741 1406 uec
751 1347 886 1422 famam,
908 1349 926 1404 i.
943 1367 967 1404 e.
988 1365 1026 1404 ne
1044 1347 1147 1403 famam

92 1444 220 1518 quidem.
234 1445 282 1500 Pii
298 1455 327 1501 et
342 1444 390 1500 aiii
408 1443 640 1518 aliquotucHoc
656 1443 798 1499 famum.
813 1446 902 1500 -In
915 1461 944 1498 v.
958 1441 1016 1517 196
1032 1437 1147 1496 codices

91 1537 197 1593 finiunt
210 1537 317 1594 librum
337 1537 497 1593 seeundum
513 1536 699 1593 Achilleidos.

134 1633 203 1685 AEra
217 1631 338 1686 domant
356 1631 483 1686 Temesoe
496 1625 627 1706 (1.413).
644 1628 702 1684 Sed
722 1639 765 1684 est
789 1630 904 1684 Temese
925 1627 962 1703 (r.
980 1626 1046 1682 Sllu.
1055 1645 1105 1694 ,1,
1123 1645 1148 1697 1,

95 1721 143 1790 41)
162 1724 232 1778 urbs
250 1723 357 1799 Cypria
375 1723 556 1778 metallorum
579 1723 668 1777 ferax.
691 1725 788 1793 Quare
810 1729 888 1776 recte
914 1721 1041 1796 chgg.
1064 1721 1146 1774 :clo-

91 1826 155 1871 mol
175 1798 300 1884 Temese,
319 1825 352 1871 ut
364 1815 528 1888 conjecerat
541 1814 684 1870 Mentitus.
698 1817 787 1890 Lang.
804 1824 833 1870 et
845 1816 914 1870 Exe.
932 1815 1019 1890 Burg.
1036 1832 1042 1868 :
1057 1836 1070 1863 u
1079 1813 1148 1870 AEra

91 1919 198 1963 sonant
210 1910 342 1964 Temese.
352 1899 371 1958 ‘u
385 1909 462 1963 Male
477 1907 517 1963 ob
530 1923 591 1981 seq.
604 1924 632 1961 v.

132 2003 246 2056 Ferrum
262 2004 380 2056 lucatur
391 2002 434 2056 od
449 2017 515 2056 usus
528 1997 568 2076 (v.
585 1985 663 2076 419).
679 2002 750 2074 ch.
769 2017 781 2054 1
800 2017 806 2056 :
822 2001 949 2054 lossahu
960 1997 989 2052 in
1003 2013 1077 2054 usus.

135 2093 335 2168 Miranturque
359 2111 439 2148 suum
462 2093 624 2148 decrescere
646 2103 772 2147 montem
794 2089 832 2169 (v.
844 2089 924 2168 461).
942 2113 954 2140 e
970 2089 1014 2145 ita
1034 2089 1150 2158 videtur

93 2185 212 2258 captivis
241 2187 321 2257 feris,
346 2203 437 2261 quum
463 2187 535 2242 retia
565 2186 809 2242 contrahuntur.»
836 2187 936 2241 Gnoso.
956 2189 996 2226 -’-
1019 2185 1148 2258 Sequens

93 2295 192 2332 uersus
207 2279 286 2336 deest
298 2278 329 2334 in
344 2279 427 2335 Lind.
447 2290 475 2334 et
493 2279 524 2334 in
538 2303 551 2328 c
566 2278 757 2334 melioribnsn
776 2276 894 2334 Barthii.

136 2368 268 2424 Consiliis
276 2372 420 2446 armisque
433 2368 472 2447 (u.
489 2370 567 2446 471).
584 2368 698 2426 aoodd.
713 2377 831 2425 recentt.
846 2390 853 2423 :
867 2368 1044 2442 animisque,
1054 2368 1147 2443 pejus.

133 2462 215 2516 Data
233 2461 320 2534 copia
332 2449 429 2518 monis
441 2460 480 2541 (v.
498 2461 576 2541 495).
586 2463 637 2518 PR
651 2482 658 2518 ε
673 2485 686 2512 α
695 2461 722 2518 d.
736 2463 832 2537 gloria
846 2477 908 2518 tn·

135 2553 175 2607 Et
191 2554 270 2608 mitis
287 2555 376 2610 honos
398 2549 436 2632 (v.
458 2549 537 2633 ⁵05).
558 2555 701 2613 Gronovii
724 2556 798 2627 bec,
818 2555 849 2610 ni
866 2553 962 2623 fallor,
976 2552 1148 2610 emendatio.

95 2644 190 2720 Vulgo
205 2670 217 2696 1
234 2658 325 2700 mutus
338 2647 367 2702 b.
382 2669 412 2717 η
427 2647 505 2705 unde
519 2660 615 2705 ortum
629 2648 712 2723 quod
734 2647 766 2703 in
778 2649 869 2723 Regg.
893 2655 921 2702 et
941 2643 1057 2720 optimis
1075 2646 1145 2702 Bar·
1168 2689 1172 2696 .

94 2736 162 2806 thii,
178 2763 190 2788 ι
205 2741 310 2794 multus
323 2739 394 2808 h.,u
409 2740 491 2812 quod
508 2741 670 2813 pessimum.

135 2830 361 2904 laurigerosque
376 2830 456 2905 ignes
478 2827 516 2906 (v.
533 2827 612 2908 599).
633 2833 778 2906 Intelliges
796 2832 855 2887 haec
870 2849 907 2888 ex
928 2850 955 2885 v.
978 2829 1036 2886 lino
1055 2849 1098 2904 sq.
1120 2841 1148 2886 et

100 2919 186 2976 Theb.
195 2959 205 2987 ,
224 2939 258 2990 x,
279 2918 336 2996 ⁵98
351 2941 394 2995 sq.
411 2921 453 2978 Cf.
473 2919 585 2978 thei.
600 2918 638 2976 ad
653 2921 742 2996 Sopb.
764 2921 910 2990 Tracheia„
926 2921 1148 2992 fila-Postea

94 3029 124 3065 v.
138 3009 195 3066 51²
210 3014 281 3086 Reg.
300 3032 311 3067 1
330 3033 337 3068 :
352 3013 410 3069 Sed
413 3011 505 3086 filie.

137 3104 315 3177 Amisslsque
321 3102 435 3176 suroris
454 3105 566 3159 Viribus
579 3107 616 3181 (v.
635 3102 715 3182 536).
734 3104 786 3178 Sic,
798 3105 908 3160 editum
922 3121 990 3161 exn
1012 3105 1101 3182 hegg.
1121 3119 1149 3162 et

95 3205 164 3250 vett.
178 3194 244 3250 edd.
263 3196 357 3252 Ceteri
375 3197 434 3252 iere
448 3198 614 3273 arnissique.
629 3197 711 3255 Unus
724 3197 833 3254 Barlhii
847 3190 1017 3273 emhsthque.

135 3289 204 3344 Sile
216 3277 391 3344 cumirahir
403 3286 442 3367 (v.
459 3288 538 3367 540).
557 3310 575 3346 2
593 3292 684 3368 Regg.
709 3312 716 3345 :
739 3290 792 3349 «Si
815 3304 862 3346 tua
879 3309 950 3346 cura
970 3290 1104 3356 tmhat,s
1121 3302 1148 3346 et

93 3380 175 3453 prior
201 3381 285 3437 etiam
313 3390 446 3439 rec'usem.
466 3386 500 3439 ln
529 3401 588 3458 seq.
620 3385 739 3456 Tethyos
763 3402 879 3438 eversu
895 3381 1150 3457 legendumlputut

95 3474 190 3528 Barth.
213 3492 248 3528 ex
271 3474 430 3531 imitatione
447 3475 613 3546 Claudiani,
636 3479 670 3534 u.
691 3477 756 3545 Pr„
772 3493 823 3545 111,
841 3479 897 3550 319
916 3491 974 3550 sq,
990 3476 1042 3550 qni
1062 3477 1150 3532 habet

92 3569 199 3640 gremio
213 3569 342 3642 quamuis
355 3581 502 3645 mergatur
510 3572 600 3627 lberae
617 3572 749 3644 Tethyos.
764 3572 808 3625 De
823 3571 914 3624 altero
928 3589 955 3623 v.
971 3573 1065 3624 Gnosi.

133 3661 221 3715 Prior
231 3658 269 3736 (v.
281 3658 373 3738 besl?
394 3666 487 3735 Quum
502 3674 550 3732 tu,
568 3664 661 3720 Ulixe.
677 3665 768 3718 Vetus
782 3661 892 3717 dictum
907 3683 913 3715 :

200 3783 249 3854 Qui
261 3791 322 3842 bone
331 3793 455 3860 conjiciet,
467 3805 546 3846 ruteni
556 3795 621 3847 hune
631 3796 766 3862 perhibebo
776 3795 904 3862 optimum.

135 3906 304 3998 heseruuuer
316 3947 389 4003 opes
408 3927 542 4007 (1.556).
567 3933 609 3986 Ne
631 3931 676 3988 bis
691 3930 769 3986 idem
784 3931 860 3988 dicat
883 3929 991 3988 Statius
1010 3934 1148 4008 languore

96 4017 213 4095 insigni,
238 4041 273 4076 ex
291 4023 421 4096 piurimis
439 4022 525 4084 codd.
544 4025 686 4099 edendnm
708 4036 769 4080 erat
783 4026 966 4096 «reseruntur
979 4039 1085 4100 aues,·»
1105 4026 1147 4080 uti

93 4112 151 4182 jam
165 4114 322 4170 Lindenbr.
339 4127 366 4171 et
380 4117 426 4172 vei
441 4118 575 4173 Cruoeus.
