3172 5142
389 449 445 510 rol
692 443 907 514 ultuuamos
927 443 1037 500 unua
1057 445 1121 500 vll·
1332 442 1366 503 (⁸-
1378 441 1459 500 47⁵u

385 571 648 662 Exsanguesque
664 569 797 638 Iocasta
812 593 932 664 genas,
950 582 983 637 et
999 567 1136 638 brachia
1157 563 1297 660 planctu

385 690 492 784 Nigra
512 687 640 768 ferens,
657 713 858 783 ramumque
875 686 963 759 oleae¹
974 712 1053 758 cum
1069 685 1208 758 velleris
1218 689 1284 756 atri

385 811 553 900 Nexibus,
570 811 798 880 Eumenidum
817 809 1179 905 velutantiquissima,
1198 809 1308 904 portis

384 931 580 1028 Egreditur,
599 956 817 1027 magnacum
834 931 1008 1025 majestate
1028 927 1207 1000 malorum.

384 1056 474 1124 Hinc
492 1069 593 1147 atque
610 1054 691 1122 hinc
708 1067 811 1141 natae,
832 1049 954 1121 melior
967 1051 1038 1146 jam
1057 1074 1172 1139 sexus,
1190 1049 1296 1120 aniles

383 1174 655 1269 Praecipitantem
669 1187 782 1258 artus,
801 1187 835 1242 et
853 1170 1033 1267 plusquam
1044 1185 1158 1267 posset
1177 1184 1314 1240 euntem

384 1297 583 1367 Sustentant
598 1320 606 1363 ε
624 1294 717 1364 venit
734 1307 813 1362 ante
831 1292 967 1380 hostes,
985 1308 1021 1362 et
1035 1308 1173 1388 pectore
1192 1289 1286 1362 nudo

384 1417 542 1490 Claustra
555 1415 696 1486 adversa
712 1413 809 1500 ferit,
828 1411 1048 1508 tremulisque
1065 1412 1249 1484 ululatibus
1268 1426 1349 1481 orat

383 1538 526 1609 Admitti
537 1562 550 1632 ¹¹:
566 1539 754 1606 «Reserare
773 1535 862 1605 viam
885 1549 983 1628 rogat
1001 1534 1105 1630 impia
1123 1531 1204 1604 belli

384 1663 520 1730 Mater:
540 1658 576 1726 in
594 1657 649 1726 bis
667 1653 803 1750 aliquod
819 1657 876 1750 jus
896 1656 1083 1726 execrabile
1103 1659 1220 1726 castris

389 1782 476 1851 Huic
495 1793 592 1849 utero
612 1791 674 1847 est.
690 1807 707 1843 a
725 1775 866 1873 Trepidi
886 1777 991 1847 visam
1009 1801 1173 1872 expavere
1192 1778 1354 1875 manipli,

389 1903 615 1996 Auditamque
633 1901 765 1996 magis:
785 1914 912 1970 remeat
928 1901 998 1994 jam
1018 1899 1138 1970 missus
1157 1901 1304 1976 Adrasto

373 1997 548 2119 ‘'Nuntius;
572 2034 743 2126 excipiunt
752 2027 864 2122 jussi,
884 2020 1081 2116 mediosque
1099 2049 1161 2118 per
1179 2049 1276 2096 enses
1367 2051 1371 2056 ·

380 2155 475 2224 Dant
492 2157 581 2224 iter:
601 2152 658 2224 illa
676 2154 778 2224 duces
793 2168 832 2222 ut
849 2144 999 2238 primum
1016 2141 1168 2242 adspexit
1186 2147 1353 2238 Achivos,

271 2361 275 2370 ¹
380 2274 572 2348 Clamorem
589 2274 799 2346 horrendum
816 2273 911 2344 luctu
928 2266 1053 2344 furiata
1070 2277 1229 2348 resolvit:

430 2427 448 2462 a
459 2397 608 2494 Argolici
624 2422 798 2492 proceros,
821 2397 876 2466 hei
894 2397 971 2491 quis
992 2399 1230 2468 monstraverit
1246 2399 1400 2486 hostem,

378 2505 493 2608 Quem
509 2517 647 2613 peperi?
665 2541 811 2612 quanam
827 2517 1013 2604 inveniam,
1034 2518 1117 2588 milri
1137 2517 1253 2606 dicite,
1271 2534 1390 2590 uatum

382 2638 453 2708 Sub
472 2635 614 2733 galeala
635 2639 738 2708 Venit
758 2640 910 2707 attonite
929 2637 1230 2708 Cadmeiusheros

381 2759 529 2846 Obvius,
548 2771 584 2827 et
600 2771 731 2852 raptant
748 2757 904 2852 lacrymis
926 2757 1149 2854 gaudentibus
1169 2757 1305 2854 implet,

293 2917 299 2931 -
381 2877 584 2974 solaturque
602 2892 737 2967 tenens,
757 2893 859 2974 atque
878 2881 967 2949 inter
987 2879 1137 2974 singula,
1158 2896 1320 2970 matrem,

379 3003 527 3070 Matrem
544 3000 662 3088 iterat,
680 3025 772 3070 nunc
789 3000 898 3095 ipsam
917 3023 1060 3095 urgens,
1081 3025 1172 3070 nunc
1191 3027 1268 3072 cara
1284 3028 1444 3075 sororum

380 3125 538 3210 Pectora,
555 3145 661 3215 quum
675 3121 781 3190 mixta
795 3119 895 3192 fletus
914 3146 1000 3191 anus
1015 3136 1148 3215 asperat
1165 3125 1215 3192 ira
1232 3149 1239 3190 :

382 3241 505 3332 «Quid
522 3241 641 3310 molles
657 3239 840 3336 lacrymas,
858 3241 1118 3337 venerandaque
1138 3246 1276 3314 uomina
1296 3247 1419 3344 fingis,

380 3367 452 3434 Rex
470 3363 614 3458 Argiue,
630 3361 733 3431 mihil
753 3362 836 3455 quid
853 3361 940 3432 colla
960 3360 1169 3458 amplexibus
1187 3365 1328 3454 ambis,

379 3483 594 3576 Invisamque
609 3483 689 3552 teris
707 3481 835 3552 ferrato
853 3499 989 3578 pectore
1008 3485 1172 3554 matrem?

380 3608 477 3674 Tunc
495 3600 551 3671 ille
567 3602 683 3672 exsilio
700 3602 828 3699 vagus?
846 3619 881 3673 et
898 3602 1097 3694 miserabilis
1115 3605 1259 3703 hospes?

381 3725 493 3814 Quem
515 3747 584 3791 non
601 3723 818 3817 permoveas?
836 3723 938 3820 longe
955 3739 1013 3795 tua
1032 3727 1124 3822 jussa
1145 3727 1301 3800 cobortes

382 3848 602 3938 Exspectant,
623 3843 800 3939 multoque
815 3842 903 3914 latus
916 3845 1137 3946 praefulgurat
1153 3873 1241 3919 ense.

383 3964 437 4037 Ab
453 3966 580 4034 miserae
595 3963 735 4036 matres!
755 3965 847 4036 hunc
867 3981 900 4036 te
920 3969 1289 4064 noctesque,.diesque,

383 4085 553 4159 Defleham
571 4113 579 4155 :
600 4088 627 4155 si
644 4087 748 4157 verba
767 4103 879 4158 umen
891 4141 911 4174 ,A
922 4092 1136 4185 monitusque
1154 4105 1299 4160 tuorum,
