3172 5142
432 468 488 537 134
738 467 951 524 nmmos
972 467 1086 524 mun
1100 468 1178 526 vul,
1376 467 1413 532 (ι.
1423 470 1485 528 sss.)

429 590 597 681 Vulnera,
617 613 679 662 nec
696 588 775 662 l'elix
791 589 915 660 dextrae
935 605 1050 680 tenor,
1068 591 1103 660 in
1121 589 1208 662 taus
1226 591 1294 660 iras

428 713 585 809 Frangit,
603 727 637 781 et
653 727 799 808 experta
811 714 881 807 jam
903 736 972 783 non
990 713 1083 782 venit
1105 711 1224 782 obvius
1241 711 1363 782 hastae.

475 835 581 922 Ecce,
600 832 720 903 ducem
738 848 874 921 turma,
892 847 984 902 certa
1000 831 1194 927 indignatus
1210 835 1245 902 in
1261 833 1405 904 hostem

427 953 581 1050 Spicula,
598 950 685 1024 felici
703 953 888 1024 Prothoum
906 967 1064 1047 torquere
1081 950 1206 1024 lacerto

427 1073 596 1144 Turbidus
612 1072 783 1160 OEnides,
802 1097 871 1142 una
887 1072 955 1144 duo
971 1096 1114 1166 corpora
1128 1073 1230 1167 pinu,

427 1192 716 1288 cornipedemque
733 1194 944 1288 equitemque
963 1191 1066 1262 serit:
1086 1194 1156 1262 rnit
1176 1190 1232 1262 ille
1251 1206 1418 1264 urentem

427 1314 468 1382 In
487 1313 696 1400 Prothoum,
716 1311 893 1408 lapsasque
911 1336 1013 1382 manu
1033 1313 1212 1405 quaerentis
1231 1313 1392 1384 habenas

426 1433 467 1500 in
484 1430 597 1501 vultus
613 1430 762 1526 queem,
779 1431 1000 1526 clypeumque
1018 1431 1053 1500 in
1070 1445 1206 1525 pectora
1223 1431 1355 1514 calcat,

427 1551 565 1622 Saucius
581 1565 733 1620 extremo
750 1549 858 1620 donec
874 1573 953 1620 oum
970 1549 1133 1644 sanguiue
1151 1549 1262 1618 frenos

427 1669 587 1762 Respuit,
602 1683 636 1738 et
648 1670 767 1762 juncta
783 1667 922 1738 domino
936 1669 1066 1740 cervice
1080 1669 1254 1742 recumbit.

477 1788 533 1857 Sic
548 1784 660 1860 ulmus
675 1787 837 1881 vitisque,
854 1785 979 1883 duplex
992 1789 1126 1882 jactura
1140 1786 1271 1876 coloni,

426 1907 590 1976 Gaurano
604 1906 645 1976 de
658 1921 773 1979 monte
786 1906 914 1978 cadunt
927 1932 936 1975 ε
952 1906 1009 1976 sed
1024 1909 1173 1978 moestior
1186 1906 1298 1978 ulmus

425 2026 559 2115 Quaerit
577 2040 757 2121 utrumque
775 2051 911 2116 nemus,
934 2051 996 2096 nec
1017 2041 1086 2098 tam
1105 2051 1166 2096 sua
1186 2028 1325 2098 brachia
1349 2028 1480 2112 labens,

425 2146 538 2235 Quam
556 2149 661 2241 gemit
676 2161 841 2235 mutuus,
864 2147 1036 2240 invitaque
1052 2148 1195 2240 proterit
1214 2172 1306 2218 uras.

476 2269 648 2336 Sumserat
668 2267 704 2336 in
720 2269 856 2336 Danaos
876 2264 1071 2336 Heliconius
1091 2289 1184 2334 arms
1202 2265 1385 2350 (erebus,

428 2388 514 2456 Ante
531 2409 642 2456 comes
658 2387 784 2473 Musis,
803 2387 912 2480 stygii
931 2387 987 2455 cui
1005 2386 1139 2454 conscia
1156 2389 1252 2480 pensi

424 2507 504 2601 Ipsa
520 2505 578 2576 diu
595 2507 751 2600 inspectis
768 2505 870 2575 letum
886 2504 1086 2599 predixerat
1102 2506 1199 2575 astris

426 2627 578 2695 Uranie:
594 2626 689 2720 cupit
702 2624 759 2694 ille
774 2640 904 2709 tamen,
918 2649 1116 2721 pugnasque
1131 2627 1287 2721 virosque

427 2746 581 2814 Forsitan
594 2759 631 2814 ut
647 2759 781 2814 caneret
796 2769 804 2814 :
821 2744 922 2840 longa
933 2747 1023 2839 jacet
1037 2747 1108 2840 ipse
1121 2747 1292 2816 canendus

426 2863 560 2954 laude,
577 2864 634 2934 sed
650 2866 809 2936 amissum
823 2879 923 2935 mute
938 2865 1061 2934 flevere
1077 2889 1217 2936 sorores.

476 2987 597 3054 Pactus
610 2979 818 3079 Agenoream
830 2985 948 3078 primis
959 2989 1042 3080 Atys
1055 2985 1125 3055 ibat
1137 2987 1180 3054 ab
1194 2989 1291 3061 annis

426 3110 580 3177 Ismenen
594 3104 710 3200 (Tyrii
722 3105 855 3199 juvenis
868 3127 938 3175 non
952 3103 1084 3174 advena
1098 3104 1198 3194 belli,

426 3227 591 3317 Quamvis
606 3224 738 3319 Cyrrha
753 3223 875 3294 domus
890 3249 898 3292 τ
914 3247 1046 3294 soceros
1063 3249 1126 3294 nec
1142 3227 1293 3297 tristibus
1308 3233 1393 3300 actis

427 3347 629 3418 Adversatus
642 3343 738 3440 erat)
751 3367 926 3438 sponsam,
940 3347 994 3414 cui
1008 3359 1118 3416 castus
1131 3350 1257 3416 amanti

427 3464 585 3560 Squalor,
600 3478 634 3534 et
647 3463 777 3560 indigni
791 3464 1003 3534 commendat
1016 3466 1124 3560 gratia
1137 3463 1257 3537 luctus.

428 3708 584 3794 Diversa,
598 3707 698 3798 inque
711 3704 833 3791 vicem,
848 3704 971 3772 sineret
984 3706 1150 3793 Fortuna,
1164 3705 1352 3799 placebant.

429 3824 522 3896 Bella
535 3839 649 3895 vetant
663 3823 778 3909 tedas,
788 3825 970 3918 juvenique
983 3823 1062 3894 hinc
1073 3826 1181 3919 major
1195 3829 1229 3898 in
1243 3829 1357 3900 hostes
1372 3815 1373 3822 ἵ

429 3952 485 4016 Ira
500 3971 507 4014 ε
522 3945 591 4014 ruit
603 3943 721 4038 primis
736 3943 920 4029 immixtus,
933 3957 967 4012 et
979 3945 1114 4038 agmina
1127 3948 1245 4016 Lernae

430 4068 529 4136 Nunc
544 4063 643 4160 pedes
656 4088 734 4134 ense
750 4087 849 4158 vago,
864 4064 994 4156 prensis
1009 4087 1099 4133 nune
1113 4064 1218 4136 celsus
1233 4069 1391 4161 habenis,
