3094 5140
118 461 156 524 (r.
174 459 245 522 με.)
444 451 661 514 THEBAIDOS
681 451 792 512 umus
813 454 864 512 xt.
1118 475 1179 535 arg

120 585 285 670 Abstitit3
304 582 407 676 inque
423 580 531 650 vioem
548 579 670 675 Stygiae
689 579 836 652 rubuere
855 605 997 652 sorores.

176 705 352 776 Prominet
372 699 510 775 exoelsis
525 698 647 796 vulgus
666 697 855 774 miserabile
874 703 996 772 tertis:
1074 707 1077 712 “

125 830 262 898 Cuncta
276 822 417 896 madent
432 821 610 918 lacrymis,
628 835 662 894 et
680 821 723 896 ab
740 823 834 894 omni
853 820 1027 920 plangitur
1042 849 1129 894 ame.

122 950 214 1019 Hinc
230 946 343 1042 questi
364 945 486 1018 vixisse
502 967 621 1034 senes,
638 945 718 1018 hino
735 959 873 1042 peetore
892 943 987 1016 nudo
1070 993 1071 996 =

123 1073 224 1139 Stant
241 1081 386 1152 matres,
402 1089 592 1164 purosque
611 1079 726 1136 votam
742 1066 917 1138 attendere
934 1082 1041 1142 natos.

123 1196 206 1287 Ipse
221 1214 357 1286 quoque
374 1191 525 1286 Ogygios
540 1204 693 1264 monstra
709 1189 752 1260 sd
772 1189 910 1287 gentilia
928 1215 1044 1262 sumes

124 1315 309 1382 Tartareus
326 1323 438 1384 rector
453 1324 555 1407 porta
572 1309 668 1404 jubet
684 1311 735 1381 ire
753 1309 892 1382 reclusa.

123 1433 302 1504 Montibus
319 1431 472 1504 insidunt
489 1433 628 1528 patriis,
648 1432 804 1528 tristique
821 1457 949 1504 corona

124 1554 279 1626 Inlecere
294 1553 405 1642 diem,
420 1565 456 1623 et
471 1552 561 1623 vinni
579 1577 640 1622 sua
655 1553 798 1624 erimina
818 1552 974 1649 gaudent.

173 1673 254 1746 Illos
271 1689 311 1746 ut
330 1670 473 1748 stimulis
488 1673 539 1746 ire
555 1675 592 1746 in
608 1673 787 1750 discrimen
808 1677 933 1770 apertis

124 1798 262 1886 Audiit,
280 1812 315 1868 et
334 1795 448 1869 soeleri
464 1794 596 1868 nullum
613 1797 685 1892 jam
702 1798 835 1868 obstare
853 1798 1036 1893 pudorem,

122 1917 290 2008 Advolat,
309 1933 344 1988 et
359 1918 487 1990 medias
505 1919 662 1990 immittit
679 1917 842 1990 Adrastus
860 1920 1020 1991 habenas.

122 2047 202 2137 Ipse
215 2039 353 2137 quidem
371 2040 484 2136 regnis
501 2039 649 2110 mltum
664 2055 702 2116 et
719 2039 919 2112 venerabilis
937 2065 1031 2129 aevo,

124 2161 193 2234 Sed
212 2161 295 2257 quid
314 2161 404 2258 apud
422 2159 524 2250 tales,
541 2159 617 2256 quis
636 2185 699 2232 neo
717 2185 778 2232 sua
797 2163 940 2262 pignora
958 2163 1072 2233 oure?

123 2282 283 2356 Alternus
304 2297 416 2355 tamen
436 2279 492 2352 ille
511 2296 610 2378 rogat
627 2308 636 2351 :
653 2311 671 2346 s
686 2283 920 2378 spectabimus
938 2307 1040 2380 engo,

123 2405 315 2493 Inachidae,
333 2404 493 2501 Tyriique
510 2403 625 2474 nedae?
641 2404 700 2474 ubi
714 2404 814 2499 June,
833 2401 990 2500 Deique?

126 2524 222 2597 Bella
240 2524 322 2596 ubit
334 2550 381 2596 ne
400 2539 548 2622 perstate
562 2525 682 2596 animis
699 2551 708 2595 ε
727 2540 762 2596 te
778 2525 951 2622 deprooor,
968 2525 1095 2615 hostis,

124 2649 353 2742 Quanquam,
371 2645 442 2720 bno
459 2647 509 2717 ira
527 2647 635 2734 sinat,
649 2671 712 2717 nen
728 2661 766 2716 tu
783 2647 867 2720 milti
883 2649 1048 2743 sanguine
1063 2646 1179 2745 longe3

123 2772 196 2857 Te,
211 2791 326 2864 gener,
343 2783 378 2838 et
391 2769 519 2863 juben:
539 2770 661 2864 soeptri
678 2769 706 2838 si
727 2783 822 2846 tanta
841 2766 966 2863 cupido
986 2782 1057 2856 est,
1111 2765 1113 2770 ’

123 2894 222 2959 Exuo
242 2887 370 2984 regales
386 2889 521 2960 habitus
538 2889 574 2959 :i
593 2892 750 2978 lernau,
768 2901 803 2958 et
823 2891 933 2985 Argos

124 3008 225 3080 Solus
243 3009 340 3082 habe.
356 3039 374 3076 n
391 3011 472 3082 Non
490 3009 593 3080 verba
612 3009 718 3104 magis
738 3008 913 3094 suadentia
933 3008 1092 3106 liangunt
1233 3101 1236 3110 .

124 3135 314 3219 Accensos,
334 3132 519 3224 sumtisque
538 3128 639 3200 semel
660 3129 838 3203 conatibus
854 3131 1011 3218 obstent,

125 3253 239 3341 Quam
258 3252 383 3347 Scytha
403 3254 550 3322 curratis
569 3266 699 3324 erectus
717 3251 876 3322 fluctibus
893 3275 1044 3345 unquam

124 3375 255 3442 Pontus
272 3375 424 3468 Cyaneos
441 3374 547 3443 vetuit
564 3397 765 3446 concurrere
780 3387 921 3443 montes.

119 3479 124 3491 ¹
177 3496 227 3564 Ut
240 3494 378 3588 periisse
395 3517 525 3588 preces,
542 3496 761 3590 geminosque
779 3491 823 3564 ad
840 3493 958 3589 proelia
976 3493 1066 3564 meos

124 3611 267 3685 Pulvere
285 3614 501 3709 sonipedes,
519 3613 755 3710 explorarique
773 3614 944 3684 furentum

123 3737 166 3803 ln
185 3733 299 3829 digitis
316 3750 452 3806 amenta
467 3734 575 3824 videt,
595 3735 701 3832 lingit,
716 3737 831 3808 omnia
851 3735 1006 3832 linquens

125 3857 267 3944 Castra,
284 3855 393 3944 viros,
410 3880 593 3951 generum,
607 3857 759 3942 Thebas,
774 3881 815 3928 ao
835 3857 903 3928 fata
924 3871 1119 3929 monentem

127 3977 403 4073 Conversumque
420 3978 504 4074 Jugo
523 3975 682 4074 propellit
702 3980 830 4050 Arione
848 4005 856 4048 :
874 3979 982 4074 qualis

124 4097 298 4166 Demissus
315 4121 418 4170 curru
436 4097 525 4170 laevae
541 4113 619 4195 post
636 4101 772 4194 praemia
789 4103 886 4174 sortis
