3172 5142
456 455 509 494 roa
597 403 601 410 ἱ
761 438 975 499 Tflssutmos
995 441 1107 500 LIBER
1127 444 1194 502 vn.
1399 441 1511 505 (1⁴¹⁵)

450 563 558 633 Nocte
577 563 692 634 ferunt
709 565 812 635 tacita
831 589 840 634 τ
859 589 947 636 saevo
965 565 1143 638 decurrens
1163 593 1284 663 campo

448 684 742 755 OEnomaum'sua
757 687 834 756 Pisa
851 683 964 758 refert.
981 686 1157 758 Aeheloon
1173 703 1321 783 utroque

377 832 382 842 ·
446 802 643 876 Deformem
660 831 767 876 cornu
784 831 890 904 vagus
907 807 1096 880 infamabat
1112 813 1279 882 Acarnan.

445 927 582 996 Perseos
601 926 749 1023 effigiem
767 943 921 999 moesmm
939 945 1148 1025 exorantque
1162 933 1315 1025 Mycena

444 1046 637 1126 Confusum,
652 1051 797 1119 lunonis
813 1050 901 1120 ebur
917 1076 926 1120 ε
945 1053 1077 1148 mugire
1098 1067 1269 1148 potentem

442 1170 593 1239 Inachon
613 1161 788 1265 agricolae‚
809 1169 935 1267 gemini
956 1175 1059 1244 maris
1080 1172 1193 1244 incola
1213 1190 1332 1244 narrau

440 1289 639 1360 Thebanum
660 1303 733 1362 toto
752 1290 922 1388 planxisse
938 1293 1130 1366 Palaemona
1148 1311 1266 1392 ponto.

439 1413 519 1480 Haec
538 1411 635 1481 audit
653 1410 797 1508 Pelopea
815 1413 982 1509 phalanx3
1001 1417 1061 1486 sed
1078 1415 1218 1487 bellicus
1238 1417 1343 1486 ardor

438 1530 597 1602 Consiliis
611 1533 726 1605 obstat
740 1535 886 1625 Divom,
906 1537 1134 1632 prohibetque
1151 1539 1276 1607 umam.

484 1657 558 1724 Jam
578 1654 689 1750 ripas,
707 1658 840 1751 Asope,
861 1671 956 1746 tuas,
976 1661 1160 1754 boeotaque
1178 1673 1318 1728 venutm

435 1772 609 1863 Flumina3
629 1800 699 1845 non
721 1799 812 1846 ause
829 1778 1060 1848 transmittere
1080 1781 1235 1874 protinus
1256 1779 1318 1850 alae

434 1895 601 1968 Hostilem
620 1897 779 1987 fluvium3
798 1897 885 1968 forte
906 1913 940 1968 et
958 1897 1206 1995 trepidantibus
1224 1903 1346 1998 ingens

433 2017 672 2093 Descendebat
687 2021 799 2118 agris,
822 2025 954 2092 animos
975 2024 1044 2094 sive
1062 2022 1215 2093 imbrifer
1230 2047 1353 2111 arcus,

432 2145 499 2212 Seu
521 2157 682 2215 montana
699 2143 793 2214 dedit
812 2144 938 2231 nubes,
957 2169 1015 2215 seu
1035 2145 1183 2214 fluminis
1204 2144 1261 2216 illa

429 2268 532 2337 Mens
551 2265 634 2352 fuit,
651 2265 874 2361 objectusque
893 2261 980 2336 vado
997 2281 1095 2362 pater
1112 2289 1206 2336 artua
1225 2269 1375 2339 vetabat

478 2393 575 2460 Tune
591 2383 681 2458 ferus
700 2389 942 2485 Hippomedon
959 2413 1084 2484 magno
1101 2413 1178 2458 eum
1198 2389 1368 2486 fragmine
1388 2395 1468 2488 ripa

429 2515 658 2584 Cunctantem
677 2510 800 2606 dejecit
818 2533 965 2606 equum,
985 2511 1197 2605 ducibusque
1216 2510 1347 2582 relictis

429 2635 573 2730 Gurgite
590 2629 634 2703 de
651 2631 764 2703 medio
782 2631 885 2702 frenis
908 2653 1107 2728 suspensus,
1127 2648 1162 2702 et
1179 2634 1301 2721 armis,

429 2785 446 2820 α
459 2759 511 2826 Ite
527 2757 612 2843 viri,
631 2753 777 2825 elamat:
798 2756 846 2824 sie
867 2779 926 2824 vos
946 2755 980 2824 in
999 2755 1123 2824 moenia
1140 2757 1271 2850 primus

427 2882 581 2966 Ducere,
600 2879 648 2946 sic
668 2875 798 2946 clausas
815 2899 924 2945 voveo
941 2875 1151 2971 perfringere
1170 2877 1346 2946 Thebas.»

477 3000 696 3093 Praecipitant
714 2999 827 3068 cuncti
849 2997 971 3085 fluvio,
992 2997 1182 3093 puduitque
1200 3015 1346 3069 secutos.

307 3183 311 3194 .
427 3125 476 3193 Ae
496 3119 590 3191 velut
609 3121 765 3218 ignotum
783 3121 811 3190 si
829 3121 967 3216 quando
987 3135 1141 3190 armenta
1159 3144 1220 3216 per
1234 3145 1375 3219 ¹amnem

428 3245 549 3313 Pastor
565 3241 655 3338 agit,
675 3253 742 3310 stat
759 3241 853 3310 lriste
874 3263 995 3336 pecus,
1016 3240 1134 3336 procul
1152 3239 1256 3311 altera
1277 3242 1380 3314 tellus

428 3363 615 3452 Omnibus,
634 3375 668 3433 et
686 3359 755 3432 late
772 3361 902 3431 medius
922 3363 1023 3432 timor
1041 3385 1049 3432 τ
1068 3377 1120 3432 ast
1137 3363 1195 3432 ubi
1216 3363 1341 3434 ductor

427 3487 560 3554 Taurus
578 3483 659 3572 init,
680 3479 826 3578 lecitque
845 3483 988 3571 vadum,
1008 3499 1090 3553 tuuc
1110 3483 1245 3554 mollior
1262 3487 1376 3576 unda,

428 3609 525 3676 Tunc
541 3605 655 3676 faciles
674 3603 799 3694 saltus,
816 3595 962 3700 visisque
982 3606 1142 3676 accedere
1159 3607 1252 3702 ripae.

477 3726 578 3798 llaud
592 3726 711 3822 procul
729 3725 808 3796 iude
818 3728 957 3822 jugum,
971 3729 1119 3822 tutisque
1132 3729 1353 3800 accommoda
1372 3737 1492 3802 castris

429 3855 522 3921 Arva
543 3861 680 3938 notant,
701 3849 792 3918 unde
812 3850 930 3918 urbem
948 3851 1051 3920 etiam
1068 3864 1245 3946 turresque
1264 3849 1381 3923 videre

431 3970 588 4042 Sidonias
607 3995 615 4038 :
634 3968 762 4065 placuit
783 3970 895 4060 sedes,
917 3969 1045 4066 fidique
1065 3987 1238 4068 receptus,

428 4089 524 4162 Colle
542 4115 604 4186 per
625 4089 792 4160 excelsum
813 4090 948 4181 patulo,
967 4117 1066 4186 wem
1086 4093 1202 4163 subter
1220 4111 1338 4189 aperto
