3192 5148
394 459 433 514 ⁶0
758 465 788 521 P.
809 463 933 524 evum
955 465 1078 524 stum
1363 475 1452 534 (ις’)

393 584 513 678 lhjecit
531 609 654 676 nexus,
674 590 865 684 carpsitque
882 592 1019 661 immitis
1036 590 1165 660 adunca

393 707 464 774 Ora
480 705 628 775 verenda
646 731 760 776 manu.
782 709 913 798 Quinta
933 711 988 778 vix
1007 709 1223 803 Phosphorus
1243 709 1326 778 hora

391 828 577 895 Rorantem
595 827 766 896 sternebat
786 852 927 922 equum,
940 830 1012 923 jam
1032 825 1132 897 litora
1149 826 1227 896 duri

392 948 501 1034 Saeva,
522 947 666 1035 Philete,
682 951 790 1036 senis,
811 947 990 1043 dirumque
1013 950 1204 1020 Acheronta
1221 947 1371 1034 videbas,

391 1068 471 1156 Quo
486 1067 774 1139 dominiclamate
791 1068 893 1140 sono!
914 1096 983 1140 non
1004 1072 1121 1140 saevius
1141 1079 1232 1138 atros'

391 1188 564 1282 Nigrasset
581 1187 719 1283 planctu
740 1191 886 1285 genitrix
906 1191 967 1260 tibi
988 1215 1072 1258 saeva
1089 1184 1246 1276 lacertos,

390 1307 462 1378 Nec
482 1321 578 1402 pater
598 1335 607 1376 ε
626 1323 659 1400 et
675 1323 765 1378 certe
783 1311 842 1403 qui
862 1309 946 1378 vidit
964 1309 1083 1377 funera
1102 1309 1205 1376 frater

389 1427 534 1497 Erubuit
550 1429 651 1498 vinci.
671 1428 736 1498 sed
756 1453 818 1498 nec
836 1427 965 1498 servilis
980 1429 1138 1523 adempto

388 1546 481 1640 Ignis
501 1573 509 1615 :
532 1547 718 1618 odoriferos
737 1549 890 1618 exhausit
910 1549 1045 1617 flamma
1064 1549 1194 1618 Sabaeos

388 1670 432 1735 Et
448 1665 593 1737 Cilicum
611 1695 753 1758 messes,
771 1669 968 1764 Phariaeque
986 1684 1140 1764 exempta
1160 1669 1290 1739 volucri

389 1787 572 1875 Cinnama,
590 1803 623 1858 ct
639 1791 776 1884 Assyrio
792 1804 967 1859 manantes
983 1791 1136 1888 gramine
1156 1791 1293 1874 succos,

388 1911 432 1976 Et
450 1906 578 1978 domini
595 1910 691 1980 fletus
713 1937 721 1978 :
741 1911 803 1979 hos
820 1923 953 1979 tantum
972 1911 1114 1979 hausere
1134 1908 1273 1994 favillae,

390 2030 460 2097 Hos
481 2029 566 2099 bibit
586 2053 691 2125 usque
708 2015 834 2126 rogus:
854 2055 915 2100 nec
930 2030 1020 2125 quod
1041 2030 1100 2098 tibi
1121 2030 1210 2098 Setia
1230 2053 1330 2098 canos

388 2151 557 2221 Restinxit
574 2152 724 2239 cineres,
745 2153 873 2246 gremio
892 2177 953 2220 nec
970 2149 1118 2220 lubricus
1139 2174 1212 2218 ossa

388 2270 493 2359 Quod
512 2270 650 2341 vallavit
669 2297 776 2366 onyx,
791 2273 919 2342 miseris
940 2273 1110 2366 acceptius
1128 2270 1255 2339 umbris

387 2392 502 2482 Quam
518 2393 682 2486 gemitus3
702 2392 761 2460 sed
780 2407 814 2460 et
835 2395 905 2486 ipse
920 2393 1026 2485 juvat.
1047 2389 1142 2480 Quid
1160 2404 1254 2484 terga
1270 2386 1394 2472 dolori,

388 2513 496 2600 Urse,
516 2510 657 2580 damus?
674 2511 756 2606 quid
776 2511 901 2581 damna
921 2513 1036 2598 soves;
1057 2526 1090 2580 et
1111 2524 1246 2604 pectore
1262 2510 1377 2601 iniquo

388 2629 521 2701 Vulnus
541 2631 658 2701 amas?
676 2632 734 2702 ubi
756 2647 836 2702 nota
856 2633 920 2701 reis
937 2630 1093 2700 facundia
1114 2628 1246 2724 raptis?

388 2751 484 2841 Quid
504 2777 617 2824 caram
636 2754 765 2824 crucias
782 2766 849 2822 tam
871 2754 962 2822 soevis
981 2750 1128 2820 luctibus
1145 2748 1324 2818 umbram?

390 2874 539 2942 Fuimius
555 2871 632 2943 licet
647 2871 703 2942 ille
719 2874 844 2962 animi,
864 2874 1071 2966 meritusque
1088 2868 1259 2956 dolorem,

388 2991 542 3081 Solvisti;
560 2995 650 3063 subit
668 2993 724 3062 ille
742 2995 835 3089 pios,
852 2995 1026 3087 carpitque
1046 2993 1193 3086 quietem

389 3114 550 3208 Elysiam,
567 3140 729 3210 carosque
744 3114 813 3186 illic
830 3099 970 3185 fortasse
985 3129 1141 3209 parentes

388 3237 548 3305 invenit:
571 3251 630 3306 aut
648 3234 698 3306 illi
717 3262 779 3331 per
799 3261 930 3307 amoena
949 3234 1081 3306 silentia
1100 3235 1223 3304 Lethes
1250 3281 1252 3286 -

387 3357 515 3426 Forsan
535 3355 719 3428 Avernales
737 3355 895 3460 alludunt
911 3356 1063 3452 undique
1083 3358 1193 3425 mixtae

388 3477 528 3566 Naides,
549 3476 755 3572 obliquoque
775 3492 871 3548 notat
889 3479 1090 3573 Proserpina
1108 3474 1214 3544 vultu.

388 3599 501 3687 Pone,
521 3623 652 3692 precor,
668 3612 829 3692 questus:
849 3597 953 3668 alium
974 3599 1033 3667 tibi
1054 3603 1135 3668 Fata
1153 3593 1329 3683 Phileton,

388 3721 513 3788 Forsan
533 3719 653 3814 etipse
669 3718 780 3808 dabit,
798 3744 974 3813 moresque
993 3718 1214 3812 habitumque
1233 3716 1362 3784 decoris

387 3839 591 3909 Monstrabit
606 3838 770 3934 gaudens,
790 3839 1000 3934 similemque
1021 3840 1153 3910 docebit
1171 3838 1287 3906 amari.

796 4133 1058 4157 *-
