3156 5138
418 526 471 564 rra
771 509 801 562 P.
822 507 945 563 PUBLll
966 507 1089 564 STATII

896 945 972 1030 IV.

477 1259 541 1326 AD
565 1255 826 1324 VICTORIUM
851 1253 1141 1322 MARCELLUM
1167 1253 1390 1322 EPISTOLA.

1546 1371 1548 1445 l

857 1579 1017 1598 n·-

325 1861 333 1876 ·
460 1831 585 1900 Cunna
606 1853 665 1923 per
684 1829 849 1898 Euboicos
868 1852 937 1899 non
958 1829 1089 1922 segnis,
1108 1825 1268 1922 epistola,
1288 1851 1437 1922 campos;
1547 1795 1548 1824 l

413 1951 483 2019 Hae
501 1950 650 2044 ingressa
666 1949 755 2034 vias,
772 1972 840 2042 qua
858 1945 980 2017 nobilis
996 1947 1104 2042 Appia
1123 1948 1240 2016 crescit
1265 1993 1268 1999 ι

412 2075 453 2140 In
470 2067 576 2154 latus,
594 2083 627 2137 et
645 2065 760 2137 molles
779 2065 904 2136 solidus
924 2067 1051 2162 premit
1062 2091 1164 2162 agger
1180 2091 1307 2137 arenas.

412 2193 521 2283 Atque
538 2189 595 2258 ubi
611 2184 791 2274 Romuleas
805 2185 906 2256 velox
923 2187 1148 2282 penetraveris
1165 2163 1276 2274 arces,

410 2311 583 2378 Continuo
600 2307 733 2377 dextras
752 2306 830 2376 flavi
849 2321 925 2402 pete
943 2307 1088 2378 Tibridis
1108 2331 1200 2410 oras,

411 2427 518 2522 Lydia
535 2452 601 2522 qua
618 2429 750 2523 penitus
765 2441 920 2523 stagnum
939 2426 1059 2496 navale
1074 2441 1203 2497 coercet

411 2549 518 2643 Ripa,
537 2547 802 2640 suburbanisque
820 2547 1155 2642 vadum'praetexitur
1172 2548 1289 2617 hortis.
1397 2525 1402 2538 Ι

410 2665 486 2736 Illic
502 2668 673 2763 egregium
691 2665 864 2761 formaque
881 2669 1067 2764 animisque
1083 2666 1211 2736 videbis
1318 2649 1321 2654 ¹

411 2785 629 2873 Marcellum,
647 2801 680 2855 et
698 2784 786 2856 celso
805 2789 1003 2883 p'raesignem
1021 2788 1145 2857 vertice
1165 2813 1281 2858 nosces
1300 2815 1308 2857 :
1546 2877 1547 2882 ἵ

411 2907 478 2976 Cui
494 2908 640 3002 primurn
657 2905 754 2976 solito
771 2906 863 3002 vulgi
882 2907 923 2976 de
939 2909 1032 2977 more
1049 2905 1210 2996 salutem,
1249 2923 1253 2932 '

411 3029 493 3095 Mox
511 3024 638 3096 inclusa
655 3025 762 3096 modis
781 3028 852 3095 bac
869 3025 1009 3096 reddere
1025 3028 1130 3126 ¹uerba
1149 3041 1318 3098 memento
1336 3055 1344 3097 :

459 3177 476 3212 a
487 3150 560 3216 Jarn
578 3161 681 3216 terras
698 3145 934 3241 volucremque
951 3145 1067 3242 polum
1084 3125 1164 3244 fuga‘
1180 3151 1267 3219 veris
1285 3151 1400 3243 aquosi

411 3271 536 3354 Laxat,
555 3282 588 3336 et
605 3269 720 3337 Icariis
739 3267 860 3337 coelurn
878 3267 1054 3337 latratibus
1072 3268 1162 3356 urit;

411 3387 527 3460 Ardua
540 3390 611 3483 jam
632 3388 741 3457 densae
759 3402 933 3457 rarescunt
951 3390 1075 3458 moenia
1094 3393 1209 3460 Rortrae
1228 3416 1236 3458 :

410 3511 480 3577 Hos
495 3511 660 3577 Praeneste
676 3531 826 3592 sacrum,
845 3531 963 3576 nemus
981 3507 1041 3577 hos
1059 3505 1197 3604 glaciale
1214 3510 1348 3596 Dianae,

411 3626 553 3722 Algidus
570 3641 628 3696 aut
645 3607 806 3713 borrens‚
826 3640 884 3694 aut
901 3624 1045 3696 Tuscula
1063 3629 1210 3723 protegit
1226 3630 1366 3714 umbra;

345 3741 350 3752 ’
409 3747 542 3816 Tiburis
559 3747 595 3814 hi
612 3745 725 3834 lucos,
744 3747 939 3838 Anienaque
957 3745 1082 3840 frigora
1101 3762 1248 3842 captant.

458 3897 474 3930 a
487 3868 535 3933 Te
552 3890 686 3960 quoque
702 3864 854 3934 clamosae
871 3889 1023 3957 quaenam
1040 3865 1138 3960 plaga
1156 3869 1269 3938 mitior
1286 3869 1361 3938 urbi

409 3984 603 4055 Subtrahit?
619 3985 749 4053 aestivos
767 4009 835 4077 quo
853 3984 978 4077 decipis
994 4008 1070 4053 aere
1088 3982 1196 4055 soles?
1446 4075 1450 4085 ι

379 4125 383 4135 “
409 4105 522 4194 Quid,
541 4119 617 4173 tuus
634 4118 712 4174 ante
729 4127 865 4193 omnes,
884 4117 940 4172 tua
959 4128 1040 4173 eura
1057 4106 1230 4199 potissima
1248 4105 1389 4195 Gallus,
