3080 5136
416 504 473 576 276
722 497 978 556 ACHILLEIDOS
1001 497 1112 554 unua
1135 499 1158 552 1.
1383 499 1501 559 (Μαι.)

416 635 460 699 Εῑ
477 652 599 723 magno
617 609 748 721 genitus
765 623 968 712 Telamone,
986 625 1138 718 Ajaxque
1157 620 1359 708 secundae,

415 754 487 823 Nos
502 771 637 843 quoque
655 773 662 815 :
681 745 740 815 sed
757 748 896 815 Mavors
917 744 1123 838 abreptaque
1141 744 1247 837 Troja
1270 742 1495 837 probabunt.

415 871 536 959 illum,
555 867 738 964 neglectis,
753 866 857 963 pudet
876 863 962 936 heu!
983 865 1203 950 ductoribus,
1221 889 1349 934 omnes
1404 873 1407 876 ’

416 991 620 1086 Belligerum
640 1012 701 1057 ceu
721 1012 847 1057 numen
864 1001 1008 1068 amant:
1029 987 1083 1055 dic
1101 987 1196 1056 ocius
1214 984 1292 1080 (aut
1311 1010 1388 1054 cur

416 1115 510 1181 Serta
532 1109 637 1181 comis
654 1121 688 1177 et
703 1107 794 1176 mitis
811 1107 968 1200 honosl)
985 1107 1108 1201 quibus
1127 1104 1265 1175 abditus
1281 1107 1385 1192 oris,

415 1235 537 1324 Quave
554 1230 652 1324 jubes
669 1225 788 1297 tellure
808 1227 876 1322 peti
895 1252 1002 1330 :lnam
1021 1227 1127 1311 fama,
1145 1251 1209 1294 nec
1229 1227 1341 1294 antris

416 1351 590 1438 Chironis,
610 1349 721 1444 patria
738 1373 799 1416 nec
816 1347 938 1444 degere
957 1346 1076 1417 Peleos
1093 1346 1182 1417 aula.

417 1473 494 1559 Eia,
513 1472 662 1564 irrumpe
680 1473 788 1557 Deos,
808 1482 843 1539 et
863 1468 931 1538 fata
948 1467 1085 1538 latentia
1103 1469 1194 1555 laxa,

416 1591 816 1686 laurigerosqueignes,
836 1589 864 1658 si
884 1588 1036 1683 quando,
1052 1589 1266 1660 avidissimus
1290 1591 1396 1660 hauri
1416 1618 1425 1657 :

416 1721 520 1782 Arma
538 1711 708 1782 horrenda
726 1712 787 1780 tibi
806 1713 1187 1806 saevosque'remisimus
1201 1737 1314 1782 enses.

417 1835 602 1926 Nunquam
618 1832 679 1901 has
700 1830 851 1901 imbelles
867 1831 962 1928 galea
977 1831 1148 1902 violabere
1164 1833 1265 1902 vittas
1290 1861 1300 1900 :

368 1927 372 1936 ,
417 1954 470 2023 Sis
486 1952 582 2042 felix,
599 1953 807 2046 numeroque
825 1952 951 2022 ducum
968 1954 1182 2046 praestantior
1199 1957 1316 2041 omni,

416 2073 452 2142 Si
474 2096 634 2167 magnum
650 2073 778 2160 Danais
799 2097 859 2166 per
877 2088 911 2141 te
927 2073 1101 2167 portendis
1117 2071 1296 2142 Achillem.
1319 2105 1337 2138 ι

466 2190 669 2262 Jamdudum
689 2189 820 2284 trepido
841 2190 1035 2260 circumfert
1052 2191 1182 2262 lumina
1199 2208 1320 2281 motu,

416 2316 670 2405 intrantemque
687 2313 798 2380 Deum
817 2313 927 2405 primo
946 2311 1077 2407 pallore
1098 2313 1221 2382 fatetur

416 2433 656 2504 Thestorides:
675 2457 752 2500 mox
775 2433 852 2526 igne
872 2457 974 2527 genas
990 2449 1025 2502 et
1042 2435 1205 2530 sanguine
1224 2450 1393 2529 torquens

416 2555 489 2624 Nec
509 2553 632 2638 socios,
651 2575 712 2620 nec
728 2567 834 2622 castra
852 2553 961 2640 videt,
978 2554 1036 2622 scd
1051 2579 1157 2624 caecus
1175 2571 1208 2624 et
1226 2581 1349 2624 amens

417 2676 517 2745 Nunc
536 2675 862 2766 Superum‘magnos
881 2672 1058 2766 deprendit
1075 2676 1108 2742 in
1130 2675 1252 2744 aethere
1268 2693 1398 2761 coetus,

416 2796 520 2864 Nunc
539 2817 634 2887 sagas
653 2791 776 2862 affatur
795 2816 888 2881 aves,
906 2819 995 2864 nunc
1014 2795 1089 2864 dira
1109 2821 1265 2866 sororum

416 2913 526 2999 Licia,
545 2911 725 2982 thuriferas
746 2911 849 2982 modo
869 2913 1015 2984 consulit
1034 2919 1155 2988 anxius
1174 2944 1268 3006 aras,

417 3033 711 3125 Flammarumque
729 3032 840 3127 apices
861 3035 965 3127 rapit,
984 3049 1017 3104 ct
1036 3035 1180 3134 caligine
1201 3043 1299 3110 sacra

418 3155 571 3225 Pascitur
591 3178 599 3221 ι
621 3151 781 3222 exsiliunt
800 3149 924 3239 crines,
943 3155 1125 3252 rigidisque
1148 3157 1281 3232 laborat

418 3276 513 3345 Vitta
533 3274 653 3362 comis,
673 3297 733 3342 nec
751 3270 837 3342 colla
855 3272 946 3362 loco,
965 3300 1028 3346 nec
1048 3278 1082 3344 in
1102 3279 1221 3350 ordine
1239 3307 1386 3376 gressus

466 3393 619 3464 Tandem
635 3392 719 3462 fessa
737 3408 883 3462 tremens
903 3392 1013 3492 longis
1031 3401 1215 3494 mugitibus
1230 3427 1292 3473 ora

419 3514 545 3603 Solvit,
565 3529 598 3582 ct
614 3513 808 3608 oppositum
828 3539 894 3583 vor
913 3512 1059 3587 eluctata
1077 3519 1226 3590 furorem
1243 3541 1295 3592 est
1315 3553 1325 3592 :

468 3667 484 3700 α
502 3637 581 3723 Quo
596 3636 686 3728 rapis
705 3635 874 3729 ingentem
890 3638 1005 3732 magni
1023 3639 1181 3718 Chironis
1198 3641 1374 3716 alumnum

418 3755 603 3840 Femineis,
619 3753 736 3843 Nerei,
751 3752 859 3824 dolis?
879 3755 945 3825 huc
960 3760 1057 3856 mitte
1077 3787 1085 3830 :
1108 3761 1189 3856 quid
1208 3764 1344 3836 aufers?

419 3879 499 3948 Non
515 3875 627 3969 patiar
649 3900 656 3942 :
678 3899 772 3944 meus
789 3877 866 3964 iste,
886 3855 1012 3983 meus-¹:
1031 3895 1068 3948 tu
1085 3880 1163 3951 diva
1181 3884 1358 3977 profundi,

418 4001 464 4066 Et
478 4021 530 4064 me
547 3994 692 4064 Phoebus
708 3997 778 4090 agit
792 4021 800 4064 ε
816 3994 954 4066 latebris
972 3999 1095 4093 qdibus
1109 4002 1232 4073 addere
1252 4020 1363 4078 tentas

419 4120 619 4188 Eversorcm
637 4113 752 4187 asiaet'
763 4116 862 4186 video
881 4143 943 4213 per
961 4118 1123 4215 Cycladas
1139 4122 1224 4193 altas
