3156 5138
575 1291 577 1294 .
640 1234 700 1302 al)
725 1235 965 1304 CLAUDIAM
991 1235 1199 1306 UXOREM.

845 1561 995 1577 ..---—

445 1827 543 1916 Qum
560 1825 644 1894 mihi
662 1838 774 1894 maesta
793 1823 865 1913 die,
885 1825 984 1896 sociis
1002 1824 1084 1920 quid
1103 1824 1276 1912 noctibus,
1296 1850 1398 1914 uxor,

395 1949 523 2036 Anxia,
542 1945 695 2042 pervigili
714 1945 808 2048 duois
826 1947 969 2041 suspiria
987 1945 1089 2018 cura?

395 2072 475 2140 Non
493 2082 605 2144 metuo
624 2091 674 2136 ne·
685 2066 761 2138 laesa
780 2065 883 2152 fides,
901 2083 960 2137 aut
977 2081 1110 2162 pectore
1128 2070 1163 2136 iu
1182 2069 1245 2137 isto

394 2189 488 2260 ulter
506 2213 626 2259 amor:
647 2186 747 2257 nullis
767 2189 802 2258 in
820 2204 853 2258 te
871 2188 969 2260 datur
989 2190 1037 2258 ire
1057 2190 1203 2284 sagittis,

396 2308 520 2380 Audiat
537 2308 656 2378 infesto
674 2309 751 2379 lieet
767 2310 838 2380 haeo
855 2310 1062 2382 Rhamnusia
1080 2308 1196 2396 vultu,

395 2431 473 2501 Non
491 2431 610 2515 datur;
628 2431 706 2500 etsi
725 2445 872 2525 egomet,
890 2433 1000 2526 patrio
1019 2429 1061 2500 de
1080 2429 1178 2499 litore
1194 2445 1324 2524 raptus,

394 2555 551 2642 Quatuor
568 2553 712 2621 emeritis
730 2576 790 2647 per
807 2551 913 2642 bella,
933 2577 993 2648 per
1011 2575 1164 2646 equora,
1184 2550 1296 2621 lustris

395 2676 571 2762 Errarem,
591 2684 628 2742 tu
646 2662 737 2742 mille
755 2697 875 2767 procos
894 2673 1016 2743 intacta
1035 2673 1166 2767 fugares
1177 2693 1205 2758 ;2

396 2795 474 2862 Non
494 2794 684 2864 intersectas
702 2809 890 2864 commenta
909 2808 1057 2863 retexere
1076 2792 1177 2884 telas,

397 2911 462 2982 Sed
480 2915 551 2982 sine
569 2911 686 2983 fraude
704 2913 832 3009 palam,
851 2913 1071 3008 thalamisque
1089 2912 1204 2984 orbata
1223 2935 1384 3006 negasses.

441 3036 506 3104 Dic
525 3049 655 3128 tamen,
675 3033 764 3104 uude
783 3034 847 3104 aliu
866 3036 949 3104 mihi
968 3036 1095 3123 fronte,
1113 3049 1147 3105 et
1163 3033 1279 3102 nubila
1298 3031 1415 3102 vultu?

396 3159 493 3226 Anne
509 3154 600 3250 quod
617 3157 784 3225 Euboiuos
801 3156 906 3226 lessus
926 3179 1074 3226 remeare
1092 3169 1227 3250 penates

396 3280 569 3374 Auguror,
588 3289 620 3346 et
638 3277 894 3372 patria-aenium
914 3301 1114 3372 componere
1132 3275 1243 3346 terrai

397 3402 470 3469 Cur
487 3396 553 3469 hoc
571 3399 663 3469 triste
679 3396 763 3468 tibi?
782 3413 869 3468 certe
888 3396 1022 3476 lascivia
1039 3397 1132 3467 cordi
1254 3465 1257 3472 Δ

395 3519 509 3604 Nulla,
529 3545 590 3590 uec
607 3533 666 3590 aut
684 3518 794 3616 rapidi
814 3509 962 3588 mulcent
979 3533 1012 3591 te
1030 3517 1149 3623 proelia
1166 3520 1274 3605 Cimi,
1336 3562 1342 3568 -

397 3643 465 3710 Aut
483 3641 585 3709 intrat
603 3663 718 3712 seusus
736 3637 873 3710 clamosi
891 3641 989 3709 turba
1009 3637 1151 3710 theatri:
1255 3647 1258 3656 '

396 3757 462 3834 Sed
480 3763 646 3857 probitas,
664 3777 698 3833 et
716 3787 822 3859 opaca
841 3764 954 3856 quies,
973 3778 1007 3833 et
1025 3761 1159 3833 sordida
1177 3785 1348 3855 nunquam
1416 3751 1427 3764 ”

396 3883 541 3954 Gaudia.
561 3885 657 3973 Quas
676 3899 785 3954 autem
804 3886 957 3954 comitem
978 3899 1010 3954 te
1028 3899 1124 3978 rapto
1144 3907 1205 3977 per
1223 3880 1351 3950 undas?

396 4007 621 4100 Quanquam,
639 4005 717 4075 etsi
736 4004 862 4101 gelidas
881 4008 964 4074 irem
984 4030 1160 4074 mansurus
1179 4003 1221 4073 ad
1239 4007 1375 4088 Arctos,

397 4123 459 4195 vet
479 4150 580 4220 super
599 4127 763 4220 Hesperiae
782 4125 864 4195 vatia
884 4125 1061 4219 caligantia
1079 4123 1223 4212 Thules,
