3172 5142
397 487 1164 536 mmmmm-m
1171 491 1455 516 m

605 747 835 860 LIBER
872 750 1236 857 OCTAVUS.

847 1093 1002 1111 ..ὑ-

398 1299 480 1425 Ur
498 1355 628 1424 subitus
649 1370 739 1426 vates
753 1355 955 1450 pallentibus
972 1357 1091 1425 incidit
1100 1341 1264 1443 'Umbris‚

392 1475 620 1570 Letifcrnsque
635 1475 775 1563 domos,
792 1477 951 1570 orbisque
973 1501 1096 1548 arcane
1115 1476 1237 1571 sepulti

393 1599 516 1690 Rupit,
534 1609 568 1665 et
587 1611 718 1665 ermeto
737 1597 887 1668 turbavit
904 1597 1021 1666 funere
1040 1600 1177 1666 Manes:
1294 1637 1303 1646 -

392 1719 525 1785 Horror
542 1715 645 1784 habet
662 1713 821 1803 cunctos3'
839 1718 962 1811 Stygiis
980 1717 1146 1785 mirantur
1164 1718 1199 1784 in
1219 1718 1286 1785 oris
1456 1807 1459 1812 ,

384 1833 468 1904 frelo
484 1849 515 1900 et
531 1855 645 1923 equos,
660 1855 838 1923 corpusque
853 1858 970 1900 novum
985 1861 993 1898 :
1009 1856 1110 1924 neque
1122 1835 1346 1919 enim'igoibus
1356 1852 1449 1906 artus

368 1983 369 1988 ¹
392 1947 574 2034 Conditus,
594 1961 653 2015 aut
670 1961 786 2015 moeste
803 1951 900 2043 niger
918 1946 1122 2017 adventabat
1140 1947 1183 2016 ab
1200 1971 1305 2034 urne;

391 2067 456 2136 Sed
473 2066 552 2136 belli
572 2066 694 2135 sudore
712 2064 842 2153 calens,
860 2068 1081 2162 clypeumque
1102 2068 1247 2136 eruentis

391 2188 552 2275 Roribus,
571 2200 605 2256 et
622 2188 713 2256 scissi
732 2211 903 2281 respersus
921 2186 1058 2283 pulvere
1078 2185 1198 2283 compi.
1290 2183 1306 2196 ’

390 2308 544 2377 Necdum
566 2305 660 2376 illum
678 2321 739 2377 aut
758 2289 884 2376 trunca¹
897 2306 1100 2376 lustraverat
1117 2309 1215 2376 obvia
1235 2323 1313 2378 texo

392 2427 565 2512 Eumenis,
586 2441 644 2494 aut
664 2425 763 2496 furvo
779 2428 980 2521 Proserpina
997 2435 1093 2521 poste
1111 2442 1245 2497 notarat

391 2544 542 2614 Coetibus
562 2559 747 2614 assumtum
768 2546 890 2616 functis
909 2547 1018 2640 :quin
1038 2547 1190 2616 cominus
1209 2549 1282 2638 ipsa

392 2673 549 2739 Fatorum
566 2670 730 2764 deprensa
748 2669 842 2738 colus
857 2665 869 2735 τ’
881 2668 1022 2760 visoque
1035 2669 1192 2761 paventes

394 2793 541 2881 Augure,
562 2803 643 2857 tunc
662 2781 797 2858 demum
818 2788 1019 2882 rumpebant
1032 2785 1177 2854 'stamina
1191 2786 1305 2853 Parere

441 2907 541 2976 Illum
558 2922 592 2976 et
612 2909 720 2977 securi
735 2910 1002 3001 circumspexere
1019 2905 1186 3001 fragorem

393 3027 516 3122 Elysii,
528 3042 562 3095 et
575 3029 602 3095 si
617 3053 702 3121 quos
718 3027 834 3122 procul
852 3027 1009 3098 inferiore
1021 3027 1182 3097 barathro

392 3147 507 3218 Altera
524 3174 608 3235 uox,
629 3148 767 3244 aliisque
787 3163 903 3245 gravat
919 3146 1018 3245 plaga
1030 3175 1117 3219 ceca
1133 3150 1291 3235 tenebris,

392 3273 489 3340 Tunc
503 3285 678 3365 regemunt
694 3272 847 3365 pigrique
864 3269 974 3354 lacus,
988 3286 1139 3364 ustaeque
1152 3271 1311 3365 paludes,
1379 3253 1384 3262 ’

313 3405 314 3412 ’
393 3389 659 3484 Umbriseraeque
672 3391 785 3460 fremit
798 3390 944 3476 sulcator
958 3390 1102 3487 pallidus
1119 3392 1236 3483 under,

391 3506 581 3578 Dissiluisse
599 3533 687 3577 novo
706 3512 841 3601 penitus
859 3508 987 3578 telluris
1007 3509 1103 3577 hiatu
1167 3591 1183 3605 ,

391 3630 547 3714 Tartara,
565 3644 598 3696 et
614 3627 774 3695 admissos
794 3652 863 3698 non
881 3654 943 3721 per
962 3654 1022 3696 sua
1041 3627 1181 3696 llumiua
1202 3630 1332 3697 Manes.

442 3753 542 3817 Forte
562 3747 678 3816 sedens
697 3747 810 3816 media
827 3749 921 3841 regni
940 3746 1080 3817 infelicis
1100 3749 1135 3815 in
1152 3773 1228 3814 erce

392 3873 473 3940 Dux
488 3869 607 3954 Erebi,
629 3869 773 3965 populos
791 3870 951 3964 poscebat
971 3869 1114 3936 crimine
1132 3869 1224 3952 vite,

391 3990 449 4062 Nil
466 3991 642 4059 hominum
662 3996 844 4079 miserens,
861 3993 1033 4082 iratusque
1048 3988 1205 4058 omnibus
1224 3991 1364 4056 umbrie.

395 4118 491 4183 Stant
507 4113 615 4182 Furiae
636 4114 781 4201 circum,
800 4117 967 4208 vuriaeque
984 4134 1025 4179 ex
1043 4108 1162 4178 ordine
1176 4110 1325 4196 Mortes,
