3156 5138
165 389 267 453 (mo.)
498 389 693 446 SILVARUM
713 391 825 448 LIBER
845 392 879 446 V.
1171 389 1225 448 135

164 515 334 610 Conjugis
354 514 479 603 orbati,
500 529 582 584 tunc
603 513 682 584 llere
702 531 738 585 et
758 514 912 586 scindere
932 531 1039 586 vestes

163 641 214 706 Et
230 633 373 706 famulos
390 632 512 706 lassare
530 661 663 732 greges,
680 651 713 707 ct
731 637 867 706 vincere
883 635 1054 731 planctus,

165 761 331 849 Fataque,
352 767 386 824 et
405 756 550 849 injustos
571 755 696 825 rabidis
717 755 851 851 pulsare
873 757 1016 851 querelis

164 873 360 967 Coeliwlas,
378 874 529 946 solamen
547 889 645 947 erat:
664 875 742 946 licet
759 877 830 971 ipse
846 875 1006 948 levandos

163 996 220 1067 Ad
241 997 384 1092 gemitus
405 996 498 1067 silvis
520 997 701 1067 comitatus
721 1010 755 1066 et
774 999 936 1090 amnibus
952 999 1112 1093 Orpheus

164 1117 316 1207 Monet,
336 1132 437 1212 atque
455 1120 566 1188 omnis
586 1119 714 1214 pariter
731 1133 913 1188 matertera
931 1133 1059 1208 vatem,

165 1241 289 1310 Omnis
304 1236 503 1336 Apollineus
521 1253 651 1335 tegeret
670 1241 863 1334 bacchique
881 1238 1054 1328 sacerdos;

165 1357 228 1432 Nil
247 1373 381 1450 cantus,
401 1358 450 1430 nil
472 1359 544 1449 fila,
563 1362 645 1432 Deis
665 1358 822 1457 pallentis
842 1363 968 1433 Averni
986 1444 991 1458 .

164 1481 462 1578 Eumenidumque
479 1481 596 1552 audita
614 1483 735 1573 comis,
756 1481 904 1554 mulcere
921 1482 1096 1554 valerent:

164 1607 296 1675 Tantus
315 1605 351 1673 in
372 1604 519 1675 attonito
538 1605 704 1700 regnabat
721 1619 858 1701 pectore
878 1598 1005 1676 luctusl

166 1727 270 1796 Nunc
286 1727 389 1795 etiarn
407 1725 450 1795 ad
467 1725 625 1821 planctus
642 1725 768 1822 refugit
784 1728 855 1821 jam
874 1724 975 1822 plana
993 1728 1129 1798 cicatrix

166 1851 261 1919 Dum
281 1849 449 1938 canimus,
471 1847 697 1944 gravibusque
715 1846 823 1919 oculis
844 1850 983 1919 uxorius
1003 1850 1107 1919 instat

165 1970 281 2038 Imber
297 1996 306 2039 :
323 1969 496 2039 habentne
512 1971 589 2064 pios
603 1971 788 2040 etiamnum
805 1969 878 2040 haeo
894 1968 1023 2039 lumina
1038 1967 1157 2041 fletus?

166 2093 257 2161 Mira
278 2088 374 2163 fides!
396 2091 496 2162 citius
515 2093 662 2188 genitrix
682 2090 816 2187 Sipylea
836 2091 964 2162 feretur

166 2212 368 2284 Exhausisse
389 2238 506 2310 genas3
529 2213 629 2282 citius
650 2212 832 2282 Tithonida
851 2214 962 2282 moesti

74 2379 77 2384 ·
166 2335 336 2406 Deficient
351 2361 459 2426 rores,
475 2349 534 2404 aut
550 2337 713 2405 exsiccata
730 2334 863 2405 fatiscet

166 2458 282 2526 Mater
297 2454 459 2527 Achilleis
478 2456 606 2527 hiemes
626 2455 815 2552 affrangcre
835 2457 953 2526 bustis.

217 2579 330 2647 Macte
350 2573 468 2647 animi!
490 2590 586 2646 notat
608 2578 672 2646 ista
687 2579 796 2666 Deus,
816 2578 875 2670 qui
895 2576 999 2648 flectit
1018 2577 1168 2649 habenas

169 2698 289 2787 Orbis,
310 2712 344 2768 et
361 2699 529 2778 humanos
547 2698 687 2792 propior
704 2701 788 2767 Jove
806 2696 928 2793 digerit
949 2714 1059 2788 actus;

168 2822 437 2914 Moerentemque
453 2819 560 2908 videt,
580 2816 726 2913 lectique
744 2843 867 2889 arcana
886 2798 1032 2890 ministri
1080 2808 1084 2816 ¹

169 2943 259 3012 Hinc
275 2943 377 3011 etiam
394 2941 597 3012 documenta
617 2941 725 3036 capit,
744 2939 837 3035 quod
855 2939 967 3037 diligis
985 2942 1161 3029 umbram,
1198 2993 1201 3010 .

169 3065 215 3132 Et
231 3059 313 3132 colis
330 3063 503 3156 exsequias
520 3085 528 3129 :
545 3061 601 3130 hic
617 3075 668 3131 est
684 3061 890 3131 castissimus
906 3061 1023 3147 ardor3

169 3184 234 3254 Hic
254 3207 350 3252 amor
369 3205 389 3250 a
409 3181 549 3252 domino
569 3183 708 3250 meritus
728 3205 867 3250 censore
885 3183 1033 3276 probari.

169 3305 245 3374 Nec
265 3304 408 3392 mirum,
429 3304 457 3372 si
477 3327 538 3380 vos
558 3299 683 3371 collato
703 3315 838 3397 pectore
858 3302 982 3371 mixtos
1005 3284 1008 3292 ⁴

168 3423 486 3520 lunxit-inabrupta
502 3420 684 3492 concordia
699 3419 802 3516 longa
818 3435 947 3490 catena.

220 3542 282 3614 llla
303 3544 456 3638 quidem,
471 3558 655 3638 nuptuque
678 3544 787 3637 prior,
808 3542 977 3637 tradasque
996 3544 1120 3611 marito

170 3670 272 3737 Passa
292 3663 385 3751 ali03'
398 3664 457 3736 sed
478 3678 512 3734 te
531 3688 593 3734 ceu
615 3663 810 3760 virginitate
827 3665 984 3759 jugatum

170 3787 367 3862 Visceribus
386 3786 484 3875 totis,
504 3787 686 3879 animoque
702 3782 857 3880 amplexa
878 3782 1023 3854 fovebat.

170 3906 327 3997 Qualiter
343 3932 489 4004 aequaevo
503 3907 666 3977 sociatam
680 3903 821 4001 palmite
834 3905 938 3974 vitem

170 4027 294 4115 Ulmus
311 4031 418 4120 amat,
437 4031 621 4123 miscetque
637 4052 773 4119 nemus,
791 4026 962 4121 ditemque
978 4041 1136 4122 precatur
