3156 5138
424 551 461 618 81
576 583 581 597 ·
774 549 803 602 3.
826 545 948 601 runnu
970 543 1093 600 srmn
1369 533 1398 596 (v.
1411 533 1463 596 5,.)

422 679 549 745 Terra:
567 673 686 768 premit
704 670 781 740 felix
798 695 913 764 regum
932 649 1117 737 diademata
1132 669 1259 752 Roma;

423 801 517 865 Hanc
532 792 672 863 ducibus
685 792 816 860 frenare
831 790 945 858 datum
964 815 971 856 :
989 812 1066 856 mox
1081 765 1195 855 crescit
1214 787 1248 854 in
1266 783 1340 854 illos

422 913 604 1009 Imperium
618 913 772 1006 Superis;
785 908 842 978 sed
857 909 982 978 habent
996 923 1030 978 et
1043 908 1182 976 numina
1197 904 1299 1000 legem
1315 931 1324 973 ε

422 1034 530 1104 833311
547 1047 579 1102 31
590 1047 762 1108 astrorum
781 1028 877 1099 velox
894 1029 1036 1113 chorus,
1054 1040 1088 1096 et
1107 1050 1190 1120 vage
1208 1025 1310 1094 servit

421 1158 538 1238 Luna,
555 1177 616 1221 333
635 1152 751 1245 injussi
772 1150 867 1220 toties
888 1149 975 1218 redit
994 1148 1103 1217 orbita
1113 1146 1209 1216 Solis.

421 1274 464 1341 Et
481 1271 603 1369 (modo
621 1272 648 1339 si
666 1270 714 1339 sas
730 1285 779 1338 est
795 1293 924 1363 aequare
937 1269 1079 1362 jacentia
1095 1264 1255 1358 summis)

421 1392 563 1463 Pertulit
578 1407 611 1460 et
626 1392 702 1460 saevi
719 1390 913 1484 Tirynthius
931 1388 1067 1458 horrida
1086 1390 1171 1483 regis

423 1517 541 1599 Pacta,
563 1536 624 1580 nec
644 1510 779 1600 erubuit
798 1508 989 1579 famulantis
1007 1508 1115 1578 fistula
1134 1509 1261 1580 Pboebi.

470 1631 535 1701 Sed
552 1629 851 1724 neque-barbaricis
867 1629 964 1697 Latio
982 1631 1189 1698 transmissus
1210 1631 1252 1720 31)
1269 1631 1361 1699 o'ris:

421 1755 562 1844 Smyrna
584 1748 644 1842 tibi
664 1748 786 1842 gentile
801 1745 927 1833 solum,
942 1761 1107 1842 potusque
1122 1748 1266 1818 verendo

422 1876 527 1940 Fonte
544 1867 667 1955 Meles,
687 1867 868 1961 Hermique
886 1864 1027 1952 vadum;
1049 1892 1116 1961 quo
1133 1867 1258 1962 Lydius
1277 1868 1382 1939 intrat

422 1991 588 2074 Bacchus,
605 2003 636 2056 et
653 2001 771 2055 aurato
789 1985 894 2056 3311311
914 2011 974 2054 333
989 2011 1115 2056 333333
1129 1976 1224 2057 iimo.

421 2113 513 2178 Laeta
530 2097 786 2192 dehinc‘series,
807 2106 972 2198 variisque
982 2131 1028 2192 3)(
1044 2106 1162 2176 ordine
1181 2109 1269 2176 curis

423 2235 548 2308 Auetus
563 2227 687 2312 honos;
703 2250 898 2321 semperque
914 2225 1036 2320 gradus
1052 2253 1157 2322 prope
1173 2231 1327 2318 numina,
1342 2255 1468 2326 semper

422 2352 608 2442 Caesareum
627 2345 766 2414 coluisse
784 2344 889 2432 latus,
907 2335 1072 2440 sacrisque
1088 2352 1237 2418 Deorum

422 2469 559 2539 Arcanis
576 2466 700 2535 haerere
716 2465 841 2534 datum.
859 2467 1010 2536 Tibereia
1026 2469 1174 2564 primum

423 2585 511 2658 Aula
531 2586 613 2671 tibi,
639 2583 778 2655 vixdum
804 2610 863 2653 ora
880 2611 967 2655 nova
982 2603 1133 2659 mutante
1135 2590 1302 2685 juventa,

422 2703 610 2774 Panditur.
627 2704 700 2792 hic,
719 2703 814 2773 annis
832 2704 937 2775 multa
953 2732 1052 2803 super
1070 2708 1181 2780 indole
1197 2714 1311 2803 313113,
1423 2693 1429 2702 ’

423 2824 574 2894 Libertas
591 2799 703 2892 oblata
719 2826 836 2892 venit:
852 2851 913 2898 nec
929 2829 1100 2919 proximus
1116 2831 1242 2920 haeres,

423 2947 565 3014 Immitis
581 2969 771 3048 quanquam
789 2960 823 3014 et
843 2945 938 3014 133113
954 2949 1116 3048 agitatus,
1134 2951 1253 3047 abegit.

471 3068 572 3134 Hunc
588 3065 672 3132 etin
690 3067 828 3134 Α331ο33
846 3067 954 3134 133313
971 3092 1080 3156 comes
1097 3077 1201 3164 usque
1215 3073 1354 3167 pruinas

331 3185 337 3198 ’
423 3181 619 3254 Terribilem
638 3181 740 3252 affatu
757 3189 1024 3280 passusvisuque
1041 3203 1218 3282 tyrannum

424 3289 675 3398 Immanemque
690 3304 778 3394 suis,
800 3320 839 3374 ut
858 3307 916 3399 qui
935 3285 1112 3379 metuenda
1126 3310 1270 3381 serarum

425 3423 539 3494 Corda
555 3422 694 3493 domant
704 3449 919 3520 ,mersasque
932 3427 1077 3520 jubent
1064 3455 1134 3523 Jam
1149 3433 1308 3534 sanguino
1323 3445 1415 3504 tacto

425 3542 576 3613 Reddere
591 3543 633 3612 ab
650 3567 707 3646 ore
726 3568 861 3630 manus,
879 3561 911 3614 et
930 3545 1070 3616 33113
1039 3575 1150 3660 vivere
1166 3550 1333 3646 praeda.

425 3665 613 3756 Praecipuos
629 3661 792 3732 sedenim
811 3667 931 3734 merito
947 3668 1124 3738 subvexit
1116 3657 1151 3738 m
1168 3686 1261 3742 actus
1326 3667 1342 3752 ,’

426 3781 588 3854 Nondum
605 3781 807 3881 stelligerum
825 3786 935 3854 senior
951 3786 1129 3858 dimissus
1120 3815 1155 3859 m
1174 3772 1270 3861 axem

428 3901 607 3988 Claudius,
627 3915 660 3970 et
676 3901 777 3999 longo
794 3907 976 4002 transmisit
995 3908 1116 3979 habere
1130 3912 1269 3983 Neroni.

428 4023 514 4113 Quis
527 4025 671 4116 Superos
686 4038 835 4094 metuens
851 4028 982 4123 pariter
991 4043 1042 4098 tot
1057 4030 1194 4125 templa,
1211 4045 1263 4103 tot
1275 4057 1350 4103 3333

431 4141 652 4212 i’romeruisse
672 4141 796 4214 datur?
815 4149 937 4217 summi
955 4151 1046 4220 Jovis
1061 4151 1167 4246 aliger
1183 4157 1285 4250 Arcas
1384 4225 1388 4232 ,
