3156 5138
131 464 171 526 (v.
186 466 255 528 ¹⁴¹.)
462 465 657 522 SILVARUM
678 465 789 524 LlBEll
811 467 860 522 lll.
1158 465 1194 531 87

129 590 374 684 Dignatusque
395 587 468 658 loco
486 572 631 660 victricis
648 605 682 659 et
701 589 819 660 ordine
835 559 966 682 pompe

130 715 218 784 Non
237 711 361 802 vetuit,
383 726 562 806 tenuesque
583 710 667 780 nihil
684 714 834 782 minuere
850 725 1014 804 parentes.

136 839 249 926 Atque
266 832 354 902 idem
370 835 405 902 in
421 857 544 902 cuneos
561 832 725 928 populum
741 858 847 926 quum
867 830 963 904 duxit
981 848 1170 930 equestres,

132 959 353 1050 Mutavitque
369 981 491 1050 genus,
509 955 663 1050 laevaeque
680 951 827 1050 ignobile
842 953 968 1024 ferrum

133 1080 264 1163 Exuit,
281 1091 314 1146 et
331 1075 415 1146 celse
431 1091 590 1146 natorum
607 1079 751 1170 aequavit
768 1076 900 1146 honori.

187 1199 316 1268 Dextra
331 1199 383 1268 bis
396 1200 526 1267 octonis
540 1198 710 1268 fluxarum
725 1196 990 1285 montemnis,
1072 1177 1076 1184 ¹

133 1324 250 1414 Atque
265 1323 327 1390 aevi
344 1322 415 1390 sine
430 1321 521 1390 nube
537 1335 642 1390 tenor.
664 1322 778 1411 Quam
794 1320 886 1391 dives
904 1322 939 1389 in
954 1345 1033 1390 usus

134 1445 326 1529 Natorum,
344 1456 483 1536 totoque
498 1441 613 1512 volens
627 1441 783 1512 excedere
799 1466 919 1528 oensu,

133 1566 247 1633 Testis
264 1562 374 1634 adhuc
394 1561 478 1658 largi
495 1565 586 1632 nitor
602 1563 681 1632 inde
694 1579 844 1634 assuetus
860 1564 1013 1650 Etrusci,

135 1685 204 1754 Cui
219 1699 279 1754 tua
294 1710 364 1754 non
380 1683 522 1754 humiles
537 1683 630 1754 dedit
646 1684 854 1780 indulgentia
873 1709 991 1755 mores.

137 1810 242 1874 Hunc
256 1804 424 1899 siquidem·
437 1805 593 1902 amplexu
611 1819 741 1902 semper
757 1821 933 1876 revocante
954 1807 1088 1876 tenebas

136 1925 308 2012 Blandus,
324 1941 358 1994 et
373 1927 516 2021 imperio
530 1951 702 2020 nunquam
719 1942 814 2022 pater
829 1953 838 1996 τ
856 1926 956 2020 hujus
973 1927 1094 1996 honori

137 2048 286 2118 Pronior
306 2048 377 2143 ipse
397 2048 498 2116 etiam
516 2046 681 2141 gaudebat
698 2036 815 2118 cedere
834 2047 946 2118 frater.

189 2172 286 2260 Quas
303 2169 365 2238 tibi
381 2166 492 2238 devoti
506 2171 643 2262 juvenes
658 2194 721 2264 pro
738 2184 833 2263 patre
849 2184 987 2256 renato,

139 2293 279 2360 Summe
297 2288 442 2378 dueum,
460 2304 588 2384 grates,
608 2304 668 2358 aut
684 2313 759 2383 quae
776 2289 831 2383 pia
849 2303 927 2358 vota
947 2287 1151 2383 rependant?

138 2415 194 2482 Tu
211 2411 290 2507 (seu
308 2409 404 2480 tarda
419 2412 505 2496 situ,
526 2409 692 2504 rebusque
705 2409 865 2480 exhausta
879 2422 1028 2479 senectus

138 2532 295 2617 Erravit3
312 2555 368 2600 seu
386 2529 511 2600 blanda
528 2529 587 2599 diu
603 2533 753 2600 Fortuna
769 2553 955 2624 regressum

138 2649 287 2746 Maluit)
302 2652 482 2720 attonitum
500 2665 534 2720 et
548 2652 681 2722 venturi
701 2650 849 2720 fulminis
871 2651 956 2720 ictus

139 2776 362 2860 Horreum,
384 2772 512 2841 tonitru
533 2785 665 2841 tantum
685 2770 818 2865 lenique
834 2769 979 2865 procella

141 2897 331 2964 Contentus
348 2892 517 2962 monuisse
532 2899 644 2962 senem
663 2919 671 2961 ε
691 2916 863 2986 quumque
881 2890 1020 2962 horrida
1034 2916 1137 2988 supra

141 3017 309 3107 AEquora‚
328 3037 486 3082 curarum
504 3014 611 3082 socius
629 3011 747 3107 procul
762 3010 848 3082 Itala
864 3037 943 3082 rura

141 3135 345 3227 Linqueret,
365 3133 420 3203 hie
439 3131 554 3203 molles
572 3135 736 3228 Campani
755 3132 862 3204 litoris
880 3159 977 3222 oras,

142 3258 188 3324 Et
205 3252 402 3324 Diomedeas
420 3252 601 3324 concedere
615 3255 726 3348 jussus
744 3256 779 3322 in
797 3278 908 3343 arces,

143 3383 254 3468 Atque
271 3374 409 3469 hospes,
427 3398 496 3446 non
513 3374 605 3444 exsul
624 3385 706 3444 erat.
726 3377 797 3448 Nee
813 3373 913 3471 plura
930 3389 1079 3446 moratus

144 3493 347 3566 Romuleum
365 3519 489 3566 reseras
508 3497 649 3584 iterum,
668 3498 886 3585 Germanice,
906 3494 1025 3582 limen,

144 3619 408 3709 Moerentemque
426 3615 536 3707 foves,
557 3616 798 3712 inclinatosque
816 3633 951 3714 penates

143 3734 263 3830 Erigis.
283 3733 383 3806 Haud
401 3737 543 3825 mirum,
562 3735 683 3808 ductor
701 3737 939 3832 placidissime3
958 3739 1094 3834 quando

143 3859 224 3926 Haee
240 3872 291 3927 est
309 3883 383 3952 quae
401 3860 496 3928 victis
515 3861 686 3954 parcentia
702 3859 826 3930 foedera
843 3863 969 3948 Cattis,

142 3980 294 4072 Quaeque
312 4004 409 4048 suum
428 3981 527 4048 Dacis
545 3978 650 4050 donat
668 3980 842 4052 clementia
859 3998 1008 4054 montem
1029 4010 1037 4052 ε

141 4103 230 4190 Qun
250 4099 352 4169 modo
367 4103 605 4176 Marcomanos
623 4118 697 4198 post
716 4103 853 4174 horrida
872 4102 977 4190 bella,
999 4129 1164 4199 vagosque
