3200 5142
411 481 472 538 *stt
734 483 946 538 THEBAIDOS
968 481 1081 538 LIBER
1101 483 1123 536 l.
1345 473 1378 536 (s.
1390 472 1457 522 5631>

414 606 629 702 Terrigenans
646 608 816 700 Pythona,
835 614 927 680 Deus
946 623 1073 704 septem
1090 603 1228 674 orbibus
1246 600 1329 670 atris
1366 589 1374 601 ⁶

387 753 390 760 ’
414 723 615 820 Amplexutn
633 726 803 822 Delphos,
823 729 1034 822 squamisque
1053 747 1180 795 annosa
1200 733 1365 791 terentem

415 845 566 934 Robora,
585 845 738 916 Castaliis
759 845 840 916 dum
862 846 1008 916 sontibus
1027 869 1085 913 ore
1103 838 1241 912 trisuleo
1276 851 1284 861 '

414 967 521 1034 Fusus
541 965 630 1055 hiat,
650 967 749 1061 nigro
764 967 878 1036 sitiens
898 964 1057 1035 alimenta
1079 986 1224 1048 veneno,

415 1083 576 1173 Perculit,
593 1085 779 1180 absumptis
799 1111 977 1156 numerosa
998 1087 1033 1155 in
1049 1082 1191 1159 ¹uulnera
1207 1079 1300 1168 telis,

415 1205 630 1300 Cyrrbaeique
649 1203 893 1276 dedit‘centum
917 1231 977 1300 per
988 1207 1107 1301 jugera
1128 1203 1238 1298 campi

415 1325 481 1393 vix
499 1307 635 1394 tandem
655 1325 865 1420 explicitum,
884 1351 970 1396 nova
988 1325 1111 1394 deinde
1131 1320 1262 1418 piacula
1282 1319 1364 1388 caedi

416 1445 636 1538 Perquirens,
657 1447 867 1543 nostritecta
887 1445 977 1516 haud
997 1444 1156 1540 opulenta
1172 1440 1315 1534 Crotopi

416 1565 537 1659 Attigit
554 1591 562 1633 ε
579 1565 658 1634 huie
678 1567 812 1659 primis,
829 1581 864 1635 et
884 1566 1006 1662 pubem
1023 1563 1217 1635 ineuntibus
1231 1561 1330 1630 annis

418 1684 507 1752 Mira
528 1682 648 1753 decore
670 1686 726 1778 pio
745 1685 903 1755 servabat¹
918 1699 996 1754 nata
1015 1698 1152 1778 penates

416 1805 619 1873 Intemerata
638 1805 720 1874 toris
736 1831 744 1872 :
763 1802 856 1892 felix,
874 1807 901 1875 si
919 1803 1017 1875 Delia
1034 1827 1205 1898 nunquam

417 1927 539 2012 Furta,
561 1949 623 1994 nee
643 1923 812 1994 occultum
828 1925 954 1996 Phoebo
971 1927 1127 1996 sociasset
1141 1920 1305 1993 amorem!

423 2047 573 2139 Namque
593 2060 631 2116 ut
651 2071 747 2141 passa
761 2050 873 2116 Deum
893 2049 1041 2118 Nemeaei
1060 2044 1103 2116 ad
1120 2045 1266 2114 fluminis
1282 2042 1429 2130 undam,

420 2166 476 2234 bis
493 2167 613 2259 quinos
631 2165 729 2260 plena
746 2191 850 2260 quum
868 2167 978 2238 fronte
994 2179 1178 2238 resumeret
1193 2165 1306 2234 orbes*

419 2285 766 2380 Cynthia,‚sidereum
785 2289 922 2358 Latonae
939 2288 1018 2358 l'oeta
1038 2301 1194 2382 nepotem

421 2405 558 2476 Edidit:
577 2432 616 2476 ac
636 2433 742 2502 poenae
761 2423 932 2498 metuens,
950 2433 1059 2502 neque
1078 2409 1167 2478 enim
1186 2405 1242 2477 ille
1260 2408 1386 2477 coactis

420 2529 585 2597 Donasset
606 2525 761 2598 thalamis
773 2530 910 2598 'veniam
929 2543 1036 2624 pater,
1052 2529 1125 2598 avia
1147 2553 1226 2597 rura

419 2645 538 2742 Eligit,
555 2673 593 2717 ac
612 2663 729 2718 natum
746 2665 838 2742 septa
859 2650 946 2718 inter
962 2647 1063 2718 ovilia
1081 2649 1196 2718 firrtim

420 2769 764 2862 Montivago'pecoris
781 2770 911 2840 custodi
929 2768 1067 2840 mandat
1081 2768 1248 2840 alendum.

420 2888 499 2958 Non
518 2889 580 2957 tibi
598 2887 718 2984 digna,
739 2915 833 2984 puer,
855 2891 985 2986 generis
1005 2889 1172 2962 cunabula
1182 2893 1273 2962 tanti
1300 2937 1303 2944 -

420 3010 620 3078 Gramineos
637 3008 735 3080 dedit
747 3011 851 3080 herba
867 3025 976 3100 toros,
994 3025 1027 3080 et
1043 3013 1168 3081 vimine
1187 3036 1316 3106 querno

421 3131 526 3197 Texta
542 3128 660 3200 domus
681 3156 688 3197 :
710 3128 820 3200 clausa
842 3131 973 3201 arbutei
991 3127 1052 3201 sub
1073 3134 1197 3201 cortice
1215 3131 1292 3200 libri

420 3249 575 3320 Membra
594 3264 725 3346 tepent,
745 3252 926 3346 suadetque
941 3250 1029 3322 leves
1045 3277 1125 3322 cava
1140 3250 1251 3322 fistula
1269 3278 1420 3340 somnos,

422 3374 465 3438 Et
483 3371 594 3464 pecori
614 3396 793 3442 commune
812 3371 939 3460 solum;
956 3373 1013 3442 sed
1030 3373 1102 3444 fata'
1117 3399 1178 3443 nec
1198 3372 1292 3444 illum

422 3494 621 3561 Concessere
642 3490 769 3562 larem:
787 3491 885 3562 viridi
905 3517 981 3562 nam
1000 3495 1125 3588 cespite
1147 3510 1242 3564 terrae
1279 3511 1283 3518 '

422 3613 611 3706 Projectum
628 3625 768 3702 temere,
789 3628 824 3684 et
841 3612 957 3708 patulo
974 3613 1095 3684 coelum
1114 3641 1172 3685 ore
1193 3616 1384 3686 trahentem

423 3731 505 3800 Dira
522 3756 644 3802 canum
663 3734 789 3821 rabies,
808 3759 922 3804 morsu
943 3734 1078 3830 depasta
1094 3752 1249 3823 cruento,

423 3853 555 3945 Disjicit
574 3879 581 3920 :
603 3854 756 3924 hisvero
776 3858 937 3926 attonitas
956 3869 995 3926 ut
1012 3860 1152 3927 nuntius
1168 3883 1264 3928 aures
1383 3871 1388 3880 '

423 3975 543 4042 Matris
559 3973 648 4062 adit,
669 3973 757 4070 pulsi
774 4001 815 4046 ex
832 3979 945 4048 auimo
967 3980 1183 4074 genitorque,
1205 3977 1398 4072 pudorque,

423 4097 466 4166 Et
482 4109 590 4164 metus
608 4123 615 4164 ε
633 4097 705 4190 ipsa
723 4093 813 4166 ultro
832 4099 927 4167 savis
947 4096 1164 4194 plangoribus
1183 4123 1298 4168 amens
