3200 5142
412 523 470 583 ,ιε
728 517 944 575 ruanamos
966 483 1080 574 mana
1101 517 1152 573 111.
1352 518 1451 578 ono,

304 679 310 690 ·
412 651 530 740 Quum
551 651 666 719 Venus
685 662 763 717 aute
781 648 870 741 ipsos
888 645 983 716 nulla
1002 646 1181 715 formidine
1197 669 1347 740 gressum

411 774 499 868 Figit
519 795 645 866 equos:
664 793 791 840 cessere
810 784 915 858 retro,
935 769 1140 863 jamjamque
1159 768 1305 862 rigentes

411 892 616 989 Suppliciter
636 915 778 986 posuere
793 889 892 985 jubas
911 917 918 956 :
939 905 1019 960 tunc
1039 904 1175 984 pectora
1192 912 1326 956 summo

410 1013 585 1085 Acclinata
599 1015 704 1109 jugo,
726 1011 923 1106 vultumque
941 1011 1078 1106 obliqua
1096 1009 1304 1092 madentem,

409 1137 559 1231 Incipit:
579 1136 728 1233 (interea
747 1134 892 1205 dominae
911 1135 1050 1230 vestigia
1067 1136 1164 1228 juxta
1212 1189 1214 1194 .

408 1261 629 1354 Spumantem
647 1258 746 1354 proni
766 1255 933 1326 mandunt
948 1256 1127 1325 adamanta
1143 1253 1291 1349 jugales)

457 1378 578 1450 «Bella
596 1381 697 1448 etiam
717 1380 752 1448 iu
768 1379 917 1467 Thebas,
937 1403 1032 1448 socer
1051 1404 1072 1446 ο
1089 1375 1334 1472 pulcherrime,
1352 1374 1429 1445 bella

238 1527 241 1534 ’
309 1531 313 1535 ·
407 1505 485 1596 Ipse
505 1525 620 1596 paras,
640 1501 795 1594 ferroque
814 1516 889 1570 tuos
909 1497 1044 1570 abolere
1060 1477 1265 1594 nepotesP'

410 1623 478 1692 Nec
501 1647 606 1718 genus
626 1622 840 1711 Hermiones,
859 1644 921 1691 nec
937 1637 971 1690 te
992 1618 1162 1690 connubia
1178 1619 1264 1689 coelo

409 1747 522 1830 Festa,
537 1768 600 1812 nec
616 1744 666 1812 hae
679 1742 863 1838 quidquam
874 1740 1045 1839 lacrymae,
1056 1740 1250 1830 furibunde,
1266 1739 1449 1811 morantur?

410 1865 571 1933 Criminis
590 1863 660 1933 haec
681 1863 828 1932 merces?
845 1864 910 1934 hoc
928 1864 1032 1948 lama,
1050 1861 1227 1958 pudorque
1245 1861 1399 1951 relictus?

408 1989 481 2054 Hoc
501 1984 584 2054 mihi
597 1985 784 2056 Lemniacae
801 1985 843 2055 de
862 1999 896 2054 te
914 2009 1067 2054 meruere
1085 1981 1235 2054 catena?

310 2085 315 2090 .
407 2109 513 2201 Perge
532 2104 640 2176 libens
661 2131 668 2174 :
692 2119 727 2175 at
748 2131 816 2175 non
834 2105 950 2176 eadem
971 2104 1137 2176 Vulcania
1156 2104 1252 2174 nobis

408 2227 594 2323 Obsequia,
616 2243 651 2297 et
670 2227 737 2297 laesi
753 2228 857 2297 servit
875 2242 990 2298 tamen
1009 2229 1058 2296 ira
1078 2228 1199 2296 mariti.

381 2375 382 2380 ¹
407 2344 509 2417 Illum
529 2373 591 2442 ego
608 2349 779 2443 perpetuis
798 2349 881 2418 mihi
899 2346 1063 2418 desudare
1083 2349 1223 2417 caminis

408 2469 443 2538 Si
459 2469 617 2562 jubeam,
638 2467 823 2563 vigilesque
844 2471 938 2563 operi
960 2471 1186 2538 transmittere
1205 2483 1340 2559 noctes,

408 2588 585 2678 Gaudeat,
605 2605 813 2684 ornatusque
833 2617 956 2680 novos,
976 2592 1107 2686 ipsique
1129 2589 1259 2660 laboret

406 2714 510 2781 Arma
530 2711 591 2780 tibi
611 2735 619 2778 :
642 2708 733 2780 tul...
756 2711 814 2780 sed
832 2711 990 2806 scopulos
1007 2728 1042 2781 et
1061 2712 1168 2782 ahena
1190 2713 1360 2808 precando

308 2863 319 2880 ·
405 2829 557 2903 Flectere
574 2830 677 2901 corda
693 2856 799 2926 paro:
819 2831 928 2902 solum
949 2833 1014 2902 hoc
1031 2848 1140 2902 tamen
1161 2834 1276 2922 anxia,
1298 2832 1406 2903 solum

406 2954 580 3041 Obtestor,
597 2952 681 3048 quid
695 2978 749 3022 me
769 2956 872 3048 Tyrio
888 2955 1016 3025 sociare
1032 2956 1155 3056 marito

406 3077 607 3172 Progeniem
622 3101 755 3163 caram,
775 3076 996 3170 infaustisque
1015 3075 1119 3146 dabas
1139 3077 1352 3171 Hymenaeis?

405 3200 497 3267 Dum
515 3196 587 3266 fore
606 3196 781 3293 praeclaros
797 3199 920 3286 armis,
940 3213 974 3266 et
993 3197 1104 3267 vivida
1121 3198 1221 3267 rebus

404 3321 546 3389 Pectora
562 3319 697 3414 vipereo
713 3321 833 3413 Tyrios
855 3318 896 3387 de
916 3320 1079 3413 sanguine
1096 3320 1218 3413 jactas,

406 3441 667 3536 Demissumque
684 3442 775 3510 Jovis
792 3443 877 3510 serie
896 3463 1024 3536 genus:
1039 3435 1097 3510 ah!
1120 3465 1192 3510 mea
1211 3456 1339 3535 quanto

405 3560 562 3631 Sithonia
583 3559 718 3631 mallem
740 3563 908 3656 nupsisset
930 3563 1026 3657 virgo
1046 3561 1107 3630 suh
1128 3565 1230 3632 Arcto

404 3683 514 3751 Trans
534 3685 697 3772 Boream,
714 3682 930 3778 Thracasque
947 3697 1045 3752 tuost:
1061 3681 1200 3778 indigna
1218 3707 1390 3777 parumne·

404 3801 634 3871 Pertulimus?
653 3801 738 3872 divae
754 3805 896 3873 Veneris
914 3803 1006 3898 quod
1023 3801 1092 3872 filia
1113 3803 1250 3900 longum

405 3927 544 4019 Reptat‚
565 3938 599 3992 et
618 3922 769 4019 Illyricas
789 3926 910 4018 ejectat
930 3925 1022 3994 virus
1040 3926 1075 3994 in
1093 3923 1239 3995 herhas?

406 4045 509 4116 Nunc
524 4059 664 4140 gentem·
674 4042 942 4115 immeritam.»
952 4048 1133 4141 Laeryuras
1144 4071 1213 4117 uon
1224 4047 1365 4142 pertulit
1374 4049 1457 4118 ultra

406 4163 612 4261 Bellipotens
631 4192 637 4234 :
656 4166 788 4236 hastam
807 4164 889 4238 laeva
909 4169 1109 4254 transumit,
1130 4183 1164 4237 et
1180 4165 1250 4238 alto
