3138 5132
387 483 425 560 9⁶
703 479 919 536 rnanunos
939 478 1051 560 uana
1073 479 1139 534 vn.
1326 477 1436 541 (aaa.)

387 611 552 693 Aoniam,
571 605 817 699 Euboeamque,
836 603 1051 673 et'Phocidos
1069 627 1149 672 arva
1171 603 1369 696 propinquae

388 730 482 798 Mars
500 753 508 794 :
528 727 576 795 ita
591 721 689 794 dulce
705 726 791 794 Jovi.
812 729 932 818 Longo
949 723 1035 818 fugit
1052 722 1170 792 ordine
1186 719 1281 792 velox

391 853 548 934 Tessera;
565 843 762 942 propellunt
777 846 1034 938 acies,·seseque
1050 842 1112 912 sub
1129 826 1231 912 armii

391 972 590 1054 Ostentant,
608 965 754 1035 subeunt
770 989 910 1058 campo,
929 965 987 1058 qui
1006 963 1179 1058 proximus
1196 962 1272 1031 urbi

390 1091 577 1156 Damnatus
598 1084 691 1155 bellis
710 1099 817 1180 patet,
834 1099 1068 1178 exspectatque
1090 1081 1230 1153 furores.

439 1207 602 1276 Nondum
622 1206 728 1274 hostis
749 1206 852 1294 circa;
871 1204 1003 1299 trepido
1023 1218 1135 1274 tamen
1151 1204 1284 1299 agmine
1304 1217 1420 1273 matres

390 1327 630 1396 Conscendunt
649 1351 779 1414 muros,
797 1324 875 1394 inde
891 1349 984 1394 arma
1002 1325 1143 1393 nitentia
1162 1325 1250 1393 natis

388 1451 434 1516 Et
450 1445 678 1518 formidandos
696 1459 885 1514 monstrant
901 1445 963 1514 sub
988 1444 1115 1514 casside
1132 1459 1256 1538 patres.

442 1569 550 1635 Turre
567 1564 685 1660 procui
702 1565 771 1633 sola
791 1564 944 1634 nondum
961 1589 1119 1634 concessa
1136 1565 1242 1634 videri

392 1687 562 1780 Antigone
580 1684 736 1779 populis,
755 1699 885 1754 teneras
905 1683 1097 1754 defenditur
1114 1701 1188 1754 atra
1267 1743 1270 1752 r
1307 1733 1308 1736 =

390 1811 491 1878 Veste
509 1831 625 1900 genas;
641 1806 803 1898 juxtaque
822 1831 947 1890 comes,
964 1831 1033 1898 quo
1051 1807 1152 1875 Laius
1170 1805 1242 1874 ibat

391 1927 585 2019 Armigero;
605 1939 684 1995 tune
701 1926 797 2019 virgo
816 1949 927 2016 senem
945 1927 1063 2020 regina
1078 1941 1225 1995 veretur.

394 2047 478 2136 Quae
495 2047 542 2116 sie
557 2070 633 2115 orsa
650 2047 742 2139 prior
761 2071 768 2114 :
785 2075 802 2110 α
813 2047 939 2141 Spes'ne
960 2046 1131 2115 obstatura
1147 2043 1297 2140 Pelasgis

392 2172 472 2237 Haec
493 2143 760 2259 vexilla,pater?
780 2164 913 2259 Pelopis
933 2164 1133 2235 descendere
1153 2143 1240 2234 totas

392 2286 555 2356 Audimus
572 2300 708 2380 gentes:
725 2286 797 2374 die,
819 2311 840 2354 o
860 2310 990 2379 precor,
1008 2300 1121 2355 extera
1140 2311 1256 2380 regunt

391 2409 535 2502 Agmina
550 2433 557 2475 :
574 2431 653 2475 nam
668 2406 784 2495 video,
803 2431 876 2500 quae
893 2409 1118 2501 nostersigoa
1134 2409 1344 2494 Menoeceus,

391 2529 475 2616 Quae
491 2541 606 2595 noster
624 2541 717 2622 gerat
734 2552 829 2596 arma
845 2531 977 2618 Creon,
997 2551 1099 2620 quam
1116 2524 1222 2598 celsus
1237 2527 1345 2596 ahena

392 2647 540 2741 Sphinge
555 2671 614 2740 per
630 2649 782 2741 ingentes
796 2647 1016 2717 Homoloidas
1034 2663 1130 2716 exeat
1144 2652 1325 2718 Haemon.»

441 2770 495 2838 Sic
511 2767 605 2836 rudis
622 2769 811 2862 Antigone:
828 2770 939 2837 senior
959 2770 1013 2837 cui
1032 2767 1112 2838 talia
1128 2767 1302 2838 Phorbas:

392 2886 516 2957 «Mille
534 2887 735 2983 sagittiferos
754 2887 871 2982 gelidae
888 2888 930 2956 de
945 2887 1031 2958 colle
1045 2892 1209 2983 Tanagrae
1227 2951 1232 2954 .

391 3013 571 3078 Promovet
588 3032 669 3106 ecce
679 3011 788 3102 Dryas
807 3035 815 3076 ι
835 3009 911 3097 hie,
931 3009 986 3077 cui
1006 3009 1100 3078 nivea
1119 3033 1213 3077 arma
1235 3007 1404 3078 tridentem

393 3133 504 3220 Atque
519 3153 602 3197 auro
622 3127 706 3198 rude
721 3127 848 3198 fulmen
864 3128 1012 3217 habent,
1031 3131 1169 3198 Orionis
1184 3129 1245 3198 alti

392 3249 470 3318 Non
489 3246 591 3318 falsus
609 3250 734 3318 virtute
750 3274 853 3343 nepos
870 3275 878 3318 :
898 3249 1033 3344 procul,
1055 3275 1137 3337 oro,·
1151 3264 1325 3345 paternum

392 3371 522 3454 Omen,
539 3382 573 3437 et
588 3368 737 3463 innuptae
753 3385 849 3438 vetus
869 3370 1000 3439 excidat
1019 3371 1068 3439 ira
1087 3369 1223 3442 Dianae!

392 3489 543 3583 Jungunt
562 3513 597 3558 se
617 3491 752 3579 castris,
768 3492 921 3586 regisque
937 3493 973 3560 in
990 3517 1112 3562 nomen
1128 3493 1293 3588 adoptant

393 3606 542 3695 Ocaleae,
559 3608 791 3704 Medeonque,
806 3625 839 3679 et
855 3611 1098 3684 confertissima
1115 3611 1198 3682 lucis
1295 3651 1297 3658 v

392 3729 501 3823 Nysa,
519 3730 734 3825 Dionaeisque
752 3731 870 3802 avibus
893 3735 1104 3804 circumsona
1120 3735 1254 3804 Thisbe.

440 3850 646 3919 «Proximus
664 3851 898 3945 Eurymedon,
919 3855 973 3922 cui
990 3855 1171 3950 pastoralia
1186 3856 1293 3928 Fauni

321 3985 325 3994 '
379 3949 496 4042 'Arma
515 3971 637 4063 patris,
656 3973 822 4066 pinusque
833 3972 931 4066 jubas
949 3977 1101 4045 imitatur
1117 3977 1269 4069 equinas,

392 4088 565 4159 Terribilis
581 4091 672 4162 silvis
689 4119 697 4161 ι
716 4119 795 4163 reor
812 4109 846 4163 et
862 4097 1017 4165 Mavorte
1035 4111 1174 4168 cruento
1214 4153 1216 4160 .
1265 4161 1268 4166 .
