3156 5138
404 473 442 528 7²
755 455 784 510 Ρ.
806 453 929 510 PUBLII
950 451 1074 508 sunm
1349 447 1441 510 (uto.)

404 583 505 650 Mons
522 576 625 675 nitet)
640 581 803 648 instantes
823 577 881 648 sed
898 578 1051 672 proxima
1070 598 1218 669 quaerere
1234 572 1340 642 nimbi

405 699 613 788 Suadebent,
629 696 763 792 lusique
777 697 859 767 fides
876 697 1025 767 reditura
1038 696 1154 765 sereni.

452 820 567 890 Stabat
581 819 670 889 dicta
683 819 786 888 sacris
800 819 910 888 tenuis
925 841 1015 906 casa,
1032 807 1169 886 noniina
1182 811 1312 909 templi;

400 944 445 1011 Et
461 964 620 1035 magnum
636 937 780 1009 Alciden
799 934 1003 1024 humililare
1021 939 1125 1031 parva
1137 935 1324 1030 premebat,

402 1059 615 1154 Fluctivagos
628 1073 766 1146 nautas,
783 1059 1050 1151 scrutatoresque
1066 1055 1227 1152 profundi

399 1181 467 1248 Vix
485 1181 617 1274 operire
637 1202 761 1273 capax:
778 1177 845 1247 huc
860 1178 969 1246 omnis
985 1176 1084 1266 turba
1101 1181 1249 1260 coimus;

399 1299 475 1368 lluo
488 1295 610 1394 epulae,
626 1296 777 1391 ditesque
795 1297 878 1383 tori,
894 1309 1066 1390 coetusque
1082 1294 1273 1364 ministrum

330 1413 333 1422 ’
400 1420 591 1512 stipantur,
611 1415 791 1509 nitidaeque
809 1415 930 1486 cohors
945 1415 1133 1510 gratissima
1151 1412 1263 1484 Pollae.

398 1540 479 1610 Non
492 1561 611 1632 cepere
626 1535 730 1624 fores,
748 1549 956 1631 angustaque
973 1533 1085 1604 deficit
1099 1535 1195 1604 edes.
1279 1594 1282 1602 .

399 1657 559 1745 Erubuit,
580 1657 719 1749 risitque
735 1659 848 1742 Deus,
863 1653 1049 1749 dilectaque
1064 1653 1149 1725 Polli
1184 1715 1187 1722 .

399 1773 511 1845 Corda
528 1775 634 1861 subit,
652 1772 1020 1868 blandisqueanimum
1039 1773 1271 1868 complectitur
1287 1772 1394 1843 ulnis:

448 1923 465 1958 e
475 1896 585 1982 Tune,
602 1895 726 1988 inquit,
742 1893 882 1988 largitor
893 1919 1012 1988 opum,
1032 1895 1091 1988 qui
1107 1908 1220 1966 mente
1239 1893 1375 1988 profusa

399 2016 500 2084 Tecta
519 2015 712 2086 Dicarcheae
724 2015 864 2108 pariter,
879 2015 1104 2109 juvenemque
1116 2014 1252 2107 replesti

400 2132 652 2228 Parthenopen?
668 2149 784 2204 nostro
800 2135 858 2229 qui
877 2147 927 2204 tot
942 2133 1073 2228 fastigia
1088 2134 1211 2222 monti,

400 2256 465 2322 Tot
481 2252 604 2323 virides
624 2253 732 2343 lucos,
749 2268 802 2323 tot
819 2277 896 2323 saxa
915 2255 1083 2323 imitantia
1096 2251 1224 2342 vultus,
1256 2299 1258 2309 ·

399 2373 559 2466 AEraque,
572 2386 623 2441 tot
639 2373 765 2466 scripto
778 2373 928 2470 virentes
946 2369 1074 2442 lumine
1091 2396 1183 2444 ceras

398 2489 533 2560 Finisti?
546 2491 628 2585 quid
645 2492 734 2559 enirn
751 2491 814 2560 ista
831 2490 966 2581 domus,
981 2492 1063 2587 quid
1080 2505 1184 2582 terra,
1201 2494 1394 2587 priusquam

400 2613 448 2678 Te
465 2608 642 2704 gauderet,
659 2608 777 2680 erant?
793 2609 895 2706 longo
912 2625 951 2680 tu
967 2614 1100 2708 tramite
1118 2613 1229 2684 nudos

399 2729 525 2798 Texisti
540 2727 710 2824 scopulos,
726 2729 901 2826 fueratque
916 2732 974 2801 ubi
994 2735 1111 2802 semita
1130 2747 1277 2821 tantum,
1294 2775 1297 2783 ·

398 2849 431 2918 N
433 2871 499 2918 unc
515 2849 563 2920 ibi
580 2849 745 2922 distinctis
761 2866 826 2923 stat
843 2852 992 2946 porticus
1008 2852 1075 2923 alta
1092 2853 1274 2942 columnis,

398 2971 450 3038 Ne
466 2968 616 3038 sorderet
635 2970 720 3040 iter:
740 2974 834 3041 curvi
850 2987 888 3042 tu
904 2971 1010 3042 litoris
1026 2998 1086 3043 ora

398 3087 554 3158 Clausisti
572 3087 696 3158 calidas
716 3091 849 3185 gemina
865 3091 1033 3162 testudine
1051 3096 1237 3189 nymphas:

397 3209 464 3276 Vix
482 3233 585 3303 opera
600 3234 794 3282 enumerem
809 3237 819 3280 ε
836 3211 920 3281 mibi
937 3229 1136 3307 pauper,·et
1147 3213 1281 3311 indigus
1299 3217 1360 3284 uni

397 3326 544 3398 Pollius?
563 3343 598 3398 et
614 3328 695 3398 tales
712 3329 828 3400 hilaris
842 3344 954 3400 tamen
972 3333 1063 3426 intro
1079 3348 1233 3426 penates,

396 3450 441 3517 Et
456 3447 557 3536 litus,
576 3448 668 3542 quod
684 3449 819 3544 pandis,
841 3461 943 3521 amo:
962 3451 1019 3522 sed
1035 3455 1189 3547 proxima
1208 3453 1320 3532 sedem

397 3569 564 3661 Despicit,
584 3582 618 3638 et
638 3572 737 3639 tacite
753 3569 841 3641 ridet
856 3595 931 3640 mea
949 3573 1087 3643 numina
1101 3576 1200 3644 luno.
1219 3633 1220 3636 ,
1277 3639 1278 3644 ,

395 3687 450 3755 Da
465 3686 645 3781 templum,
664 3688 847 3784 dignasque
869 3691 935 3760 tuis
955 3693 1130 3764 conatibus
1146 3719 1232 3780 aras,

396 3806 492 3895 Quas
503 3831 633 3902 puppes
649 3807 730 3878 velis
747 3807 858 3878 nolint
872 3812 1014 3880 transire
1031 3813 1184 3883 secundis
1200 3839 1208 3881 ε

396 3922 477 4012 Quo
493 3937 589 4019 pater
603 3926 774 4015 etherius,
792 3929 981 4024 mensisque
995 3933 1101 4001 accita
1118 3931 1258 4002 deorum

395 4045 526 4135 Turba,
537 4061 571 4118 et
583 4048 626 4117 ab
643 4047 773 4120 excelso
789 4051 901 4124 veniat
918 4075 1013 4122 soror
1027 4053 1161 4149 hospita
1178 4069 1276 4125 tecto.
1322 4117 1324 4121 .
