3200 5142
162 563 197 625 tu.
210 563 279 627 ²³3.)
479 559 693 617 THEBAIDOS
715 561 826 616 LIBER
850 560 901 614 111.
1160 571 1215 627 πη

164 695 362 761 Devoveant
379 714 387 758 :
404 711 485 782 rape
503 703 717 777 cunctantes,
739 703 774 758 et
791 687 915 758 foedera
932 687 1050 771 turba,

168 813 255 902 Quae
276 809 451 880 dedimus:
470 809 533 878 tibi
552 809 601 879 fas
622 811 712 906 ipsos
732 809 910 879 incendere
929 807 1017 884 bello

166 930 358 1019 coelicolas,
377 950 560 1026 pacemque
579 955 689 1000 meam
707 932 801 1026 :jam
822 932 950 1001 semina
970 954 1092 1025 pugnoe

166 1059 244 1150 Ipse
263 1052 363 1122 dedi:
379 1066 505 1122 remeat
524 1066 662 1146 portans
680 1053 839 1122 immania
859 1051 991 1147 Tydeus

167 1181 259 1246 Ausa
279 1173 392 1260 ducis,
412 1171 520 1243 scelus
538 1187 571 1244 et
590 1175 697 1268 turpis
717 1171 900 1268 primordia
918 1172 1013 1260 belli,

168 1295 326 1382 Insidias,
344 1292 565 1388 fraudesque,
582 1294 651 1364 suis
671 1319 754 1388 quas
775 1293 868 1365 ultus
885 1295 922 1364 in
942 1298 1054 1368 armis.

219 1415 346 1487 «Adde
366 1413 488 1483 fidem:
505 1439 564 1483 vos
583 1439 604 1484 o
621 1416 759 1510 Superi,
777 1441 871 1485 meus
888 1415 1007 1485 ordine
1023 1415 1177 1511 sanguis,

169 1541 224 1610 Ne
242 1549 391 1632 pugnate
409 1533 510 1620 odiis,
528 1559 594 1604 neu
614 1559 668 1605 me
684 1547 812 1605 tentare
830 1535 1000 1631 precando

171 1657 314 1730 Certetis
331 1682 339 1725 ε
357 1655 404 1725 sic
423 1654 492 1724 lata
510 1655 610 1742 mihi,
627 1657 798 1750 nigraeque
817 1680 971 1726 sororum

170 1784 331 1850 duravere
348 1774 442 1847 colus
459 1801 468 1845 ε
486 1791 600 1846 manet
619 1777 689 1846 haec
707 1777 749 1846 ab
769 1779 898 1873 origine
916 1778 1035 1848 mundi

171 1901 253 1970 Fixa
271 1898 341 1969 dies
359 1896 467 1985 bello,
489 1896 672 1993 populique
692 1899 728 1967 in
746 1897 863 1993 proelia
881 1899 961 1969 nati.
1068 1957 1073 1964 .

172 2020 268 2111 Quid
285 2021 321 2088 ni
339 2044 393 2088 me
414 2032 566 2088 veterum
583 2043 698 2113 poenas
716 2019 846 2088 sancire
863 2016 1028 2088 malorum

173 2141 360 2228 Gentibus,
379 2151 413 2208 et
433 2137 525 2208 diros
545 2139 654 2208 sinitis
672 2141 794 2234 punire
811 2138 975 2234 nepotes?

172 2265 295 2334 Arcem
316 2261 404 2329 hanc
423 2274 603 2350 aeternam,
621 2261 741 2329 mentis
758 2261 902 2329 sacraria
920 2272 1063 2344 nostrae,

172 2387 309 2471 Testor,
329 2397 364 2451 et
382 2379 512 2476 Elysios
529 2383 629 2451 etiam
647 2381 730 2450 mibi
750 2383 891 2451 numina
912 2380 1042 2464 fontes,

175 2508 254 2598 Ipse
271 2527 375 2572 manu
394 2503 542 2592 Thebas,
560 2518 782 2600 correptaque
802 2504 925 2573 moenia
944 2502 1050 2573 fundo

174 2626 375 2714 Excutiam,
392 2647 572 2719 versasque
591 2622 664 2694 solo
684 2649 786 2720 super
802 2625 927 2696 Inacha
948 2639 1036 2694 tecta

175 2745 360 2817 Effundam
375 2759 503 2834 turres,
523 2769 565 2815 ac
579 2760 698 2842 stagna
717 2749 752 2818 in
772 2746 894 2816 caerula
912 2761 1041 2816 vertam

176 2870 290 2940 lmbre
310 2871 516 2965 superject03
532 2868 609 2939 licet
627 2871 700 2964 ipsa
719 2871 754 2938 in
773 2870 908 2940 turbine
923 2893 1037 2942 rerum

176 2995 267 3061 Juno
285 3017 365 3061 suos
384 2989 486 3064 colles
506 2988 740 3085 templumque
761 2989 913 3087 amplexa
932 2990 1097 3062 laboret.»

226 3112 340 3200 Dixit,
356 3127 391 3181 et
408 3113 542 3181 attoniti
559 3111 661 3206 jussis
682 3110 852 3207 (mortalia
869 3110 985 3182 credas

176 3234 333 3330 Pectora)
355 3235 403 3302 sic
423 3234 538 3303 cuncti
554 3257 740 3330 vocemque
759 3235 957 3327 animosque
973 3232 1141 3302 tenebant.

177 3358 259 3427 Non
278 3379 374 3424 secus
391 3379 430 3425 ac
451 3353 553 3451 longa
569 3367 748 3424 ventorum
768 3379 850 3450 paee
867 3351 1016 3424 solutum

178 3479 317 3572 AEquor,
335 3490 369 3546 et
386 3475 513 3546 imbelli
532 3475 694 3546 recubant
712 3477 770 3548 ubi
788 3474 887 3546 litora
908 3499 1043 3565 somno,

178 3596 414 3693 Silvarumque
429 3622 562 3686 comas,
583 3610 617 3668 et
636 3599 755 3668 abacto
772 3598 908 3668 flamine
925 3596 1031 3667 nubes

177 3718 306 3791 Muleet
322 3721 411 3790 iners
427 3734 523 3791 estus
542 3745 551 3789 ε
573 3733 654 3790 tuuc
668 3735 802 3816 stagna,
820 3717 979 3813 lacusque
998 3719 1112 3788 sonori

177 3841 408 3912 Detumuere:
426 3855 540 3915 tacent
557 3841 711 3910 erimusti
730 3839 858 3910 solibus
877 3863 1002 3910 amnes.

227 3962 363 4033 Gaudet
380 3987 485 4032 ovans
501 3962 624 4058 jussis,
643 3976 678 4030 et
693 3959 804 4031 adbuc
826 3975 960 4031 temone
979 3959 1101 4032 calenti

178 4081 360 4172 Fet-vidua,
381 4085 417 4155 in
438 4081 560 4153 laevum
580 4097 716 4178 torquet
731 4082 904 4153 Gradivus
923 4083 1082 4152 habenas.

177 4209 319 4300 Jamque
341 4208 405 4275 iter
423 4219 633 4297 extremum,
653 4201 796 4300 coelique
817 4195 962 4302 abrupta
983 4202 1134 4290 tenebat,

1036 4321 1088 4390 15.
