3192 5148
129 497 219 552 (eso.)
472 480 664 537 sutanum
683 479 792 536 LIBER
813 480 849 535 11.
1145 479 1180 548 37

131 605 193 677 Nil
210 606 298 673 veris
316 599 444 699 affingo
456 605 562 673 bonis.
582 604 649 674 Ubi
668 601 772 674 lactea
790 602 891 690 colla,

132 725 363 819 Brachioque,
374 740 408 794 et
426 749 597 818 nunquam
615 725 741 794 domini
761 726 832 794 sine
848 723 998 819 pondere
1014 721 1144 790 cervix?

133 849 167 915 Ο
183 846 242 913 ubi
259 861 409 914 venturae
429 870 504 940 spes
520 871 588 914 non
606 844 789 939 longinqua
803 845 963 937 juventa,

134 971 247 1058 Atque
264 966 358 1058 genis
375 979 509 1058 optatus
527 964 649 1050 honos,
663 965 841 1058 jurataque
858 961 1001 1031 multum

134 1085 245 1154 Barba
262 1083 344 1152 tibi?
361 1099 482 1154 cuncta
500 1085 535 1152 in
551 1085 679 1152 cineres
696 1083 806 1178 gravis
825 1079 937 1152 intulit
955 1077 1052 1170 hora,

134 1201 340 1297 Hostilisque
358 1204 427 1291 dies
446 1230 454 1272 ε
473 1205 569 1274 nobis
587 1205 776 1272 meminisse
787 1202 956 1283 relictum.

182 1324 271 1413 Quis
288 1337 345 1396 tua
361 1323 536 1417 colloquiis
546 1321 669 1392 'hilaris
686 1321 845 1391 mulcebit
862 1327 980 1391 amatis

134 1440 295 1513 Pectora?
311 1444 386 1535 quis
404 1467 515 1529 curas,
532 1445 720 1535 mentisque
737 1465 857 1510 arcana
876 1440 1045 1510 remittet?

134 1567 325 1631 Accensum
344 1563 419 1654 quis
434 1560 501 1630 bile
517 1559 603 1649 sera,
616 1555 818 1654 ‘famulisque
836 1574 1019 1630 tumentem

135 1682 270 1768 leniet,
288 1679 491 1774 ardentique
504 1681 539 1748 in
555 1706 590 1749 se
606 1675 758 1749 deflectet
774 1680 815 1747 ab
832 1678 907 1748 ira?

137 1804 291 1895 lnceptns
308 1802 383 1895 quis
400 1800 441 1869 ab
461 1824 520 1870 ore
538 1799 657 1894 dapes,
678 1797 846 1894 libataque
863 1797 943 1866 vina

137 1919 291 2005 Auferet,
310 1935 344 1989 et
363 1919 454 1989 dulci
472 1915 620 1990 turbabit
639 1915 760 1989 cuncta
776 1917 916 2013 rapina?

137 2041 222 2128 Quis
239 2041 422 2108 matutinos
442 2040 619 2133 abrumpet
635 2062 808 2106 murmure
825 2035 960 2108 somnos·

136 2161 317 2253 Impositus
335 2160 461 2248 stratis,
478 2160 652 2252 abitusque
668 2159 853 2227 morabitur
869 2161 968 2227 arctis

139 2280 303 2366 Nexibus,
320 2303 405 2372 aque
422 2281 494 2373 ipso
511 2279 681 2348 revocabit
697 2273 867 2346 adoscula'
885 2277 1009 2372 poste?

139 2399 268 2468 Obvius
284 2399 426 2467 intranti
443 2423 557 2467 rursus
575 2399 649 2491 quis
665 2399 701 2465 in
719 2422 794 2483 ora,
813 2421 998 2489 manusque

141 2517 308 2606 prosiliet,
324 2517 547 2611 brevibusque
565 2515 723 2585 humeros
740 2509 958 2585 circumdabit
977 2514 1089 2584 ulnis?

139 2641 235 2707 Muta
252 2637 379 2707 domus
390 2638 514 2731 pariter
530 2634 734 2729 desolatique
749 2650 900 2728 penates,

143 2763 181 2828 Et
198 2761 282 2828 situs
299 2760 335 2826 in
354 2755 522 2843 thalamis,
541 2769 575 2823 et
592 2769 708 2824 moesta
725 2755 856 2824 silentia
874 2757 1006 2824 mensis.

187 2875 281 2968 Quid
299 2878 438 2961 mirum,
455 2889 548 2944 tanto
566 2876 593 2944 si
612 2889 644 2943 te
660 2875 736 2968 pius
757 2872 844 2942 altor
860 2876 1005 2943 honorat

139 2996 294 3066 Funere?
308 3001 359 3066 Tu
381 2997 519 3066 domino
536 2996 682 3089 requies,
699 2987 882 3090 portusque
898 3009 1056 3079 senectam

144 3120 190 3185 Tu
208 3117 311 3187 modo
328 3116 470 3205 deliciae,
488 3115 602 3185 dulces
617 3115 719 3185 modo
736 3129 870 3210 pectore
886 3140 982 3184 curae.

142 3238 217 3304 Non
239 3249 272 3305 te
288 3236 469 3305 barbarica
486 3235 639 3304 versabat
657 3235 756 3304 turbo
773 3248 923 3321 catastae,

139 3358 211 3426 Nec
228 3359 353 3425 mixtus
372 3356 501 3426 Phariis
518 3354 645 3426 venalis
664 3355 830 3424 mercibus
848 3354 972 3438 infans,

139 3477 420 3570 Compositosque
438 3474 535 3560 sales,
552 3473 777 3569 meditataque
793 3475 896 3542 verba
912 3471 1042 3542 locutus

141 3595 297 3686 Quaesisti
315 3593 456 3662 lascivus
475 3593 608 3682 berum,
629 3593 788 3686 tardeque
807 3593 946 3685 parasti3

140 3716 229 3784 Hinc
248 3713 383 3801 domus,
400 3714 479 3783 hinc
496 3726 606 3798 ortus;
626 3712 819 3805 dominique
836 3711 1011 3807 penatibus
1028 3708 1109 3778 olim

140 3837 250 3904 Carus
266 3847 408 3926 uterque
423 3857 559 3928 parens,
576 3837 676 3926 atque
692 3833 727 3901 in
745 3829 806 3900 tua'
820 3831 939 3926 gaudia
956 3829 1056 3918 liber,

140 3957 194 4024 Ne
211 3975 390 4047 quererere
407 3978 528 4048 genus,
546 3966 680 4046 raptum
697 3966 730 4020 te
746 3952 900 4045 protinus
918 3949 994 4019 alvo

71 4098 79 4112 ·
141 4071 282 4146 Sustulit
299 4071 482 4161 exsultans,
499 4098 536 4143 ac
553 4073 661 4166 prima
679 4070 790 4140 lueida
808 4096 888 4140 voce
