3156 5138
400 508 436 579 7a
753 509 785 562 r.
808 505 1076 566 russusrsrn
1351 515 1435 575 (vn.)

397 637 552 729 increpat
567 631 670 702 :inde
686 655 799 704 meum
820 633 938 703 timide
952 635 1022 728 jam
1041 634 1166 729 frigore
1184 650 1303 728 peetus

398 753 556 839 Labitur,
572 768 606 822 et
624 775 773 848 nequeo,
789 754 941 849 quamvis
959 765 1072 823 moret
1091 753 1212 823 ominis
1228 754 1363 842 horror,

397 870 559 944 Claudere
575 897 749 967 suspensos
766 871 940 944 oculorum
956 874 991 942 in
1009 873 1158 968 margine
1176 871 1284 944 fletus

446 995 586 1086 Jamque
603 1007 708 1062 ratem
725 993 823 1063 terris
839 993 951 1064 divisit
967 992 1046 1063 sune
1062 991 1171 1063 soluto

397 1113 534 1199 Navita,
551 1127 584 1180 et
600 1127 780 1207 angustum
795 1111 915 1206 dejecit
934 1113 970 1184 iu
981 1132 1121 1210 equora
1141 1129 1294 1208 pontem,

322 1283 327 1292 .
397 1231 509 1300 Saevus
524 1246 559 1300 et
576 1256 595 1300 e
612 1234 717 1326 puppi
733 1231 834 1328 longo
853 1230 998 1306 elamore
1012 1234 1170 1328 magister
1287 1211 1300 1226 κ

398 1351 550 1445 Dissipat
565 1350 753 1445 amplexus,
773 1367 874 1447 atque
891 1351 1003 1424 escula
1024 1349 1090 1422 lida
1105 1352 1249 1438 revellit,

397 1473 430 1542 N
432 1495 469 1540 ee
488 1470 626 1566 longum
641 1494 718 1542 cura
738 1469 817 1542 licet
832 1473 868 1543 in
884 1473 1016 1544 cervice
1036 1475 1171 1542 morari.

397 1595 553 1662 Attamen
570 1592 605 1659 in
624 1606 757 1661 terrase
772 1589 869 1686 plebe
882 1593 1081 1664 novissimus
1099 1595 1192 1662 omui

398 1712 475 1797 Ibo,
493 1735 556 1780 nec
572 1711 723 1806 egrediar
741 1713 805 1782 uisi
820 1713 891 1808 jam
911 1713 1049 1784 cedente
1067 1716 1190 1783 carina.

446 1831 530 1920 Quis
543 1829 644 1918 rude,
661 1845 693 1900 et
710 1832 892 1902 abscissum
909 1833 1037 1906 miseris
1057 1833 1281 1916 animantibus
1297 1859 1407 1928 aequor

398 1953 492 2020 Fecit
508 1949 591 2019 iter?
609 1947 787 2045 solidaeque
808 1953 881 2046 pios
898 1950 1026 2022 telluris
1039 1951 1193 2022 alumnos
1247 1987 1250 1994 ¹
1289 1993 1292 2000 ‚

398 2069 536 2164 Expulit
553 2073 588 2138 in
605 2070 744 2158 fluetus,
757 2068 947 2166 pelagoque
965 2067 1102 2142 immisit
1122 2057 1269 2142 hiantes?

397 2190 514 2262 Audax
531 2192 670 2286 ingenii;
689 2213 750 2261 nec
764 2193 854 2261 anim
873 2195 1048 2263 temeraria
1064 2194 1171 2264 virtus

396 2308 460 2379 Illa
474 2313 594 2406 magis,
612 2333 748 2382 summae
764 2309 909 2406 gelidum
926 2334 998 2406 quaa
1015 2310 1131 2382 Pelion
1148 2317 1240 2384 Ossae
1256 2299 1257 2304 ἵ
1273 2325 1288 2338 “

397 2431 526 2519 lunxit,
545 2429 823 2524 anhelantemque
838 2431 927 2526 jugis
942 2432 993 2508 bis
1009 2431 1127 2526 pressit
1145 2431 1339 2529 Olympum.

397 2550 513 2642 Usque
530 2548 656 2618 adeone
674 2571 793 2643 perum
809 2546 915 2620 lentas
933 2551 1073 2620 transire
1088 2551 1241 2646 paludes,

397 2669 587 2762 Stagnaque
603 2682 637 2737 et
656 2682 814 2764 angustos
832 2669 1026 2740 submittere
1039 2672 1198 2765 pontibus
1209 2673 1343 2743 amnes?

397 2791 489 2856 Imus
510 2788 544 2855 in
561 2787 758 2884 abruptum,
779 2786 986 2884 gentilesque
1005 2789 1155 2886 undique
1167 2807 1272 2862 terras
1319 2843 1322 2852 ,

396 2909 568 3001 Fugimus‚
587 2907 705 3002 exigua
726 2907 828 2978 clausi
847 2911 956 2998 trabe,
976 2925 1009 2979 et
1028 2931 1104 2980 uere
1120 2911 1220 2982 nudo.

395 3025 478 3095 Inde
494 3025 589 3096 furor
601 3029 725 3116 ventis,
744 3027 989 3122 indignataeque
1005 3028 1175 3124 proeellas,

394 3149 437 3215 Et
458 3145 531 3215 coeli
551 3146 718 3235 fremitus,
737 3163 771 3217 et
786 3147 926 3218 fulmina
941 3148 1037 3242 plura
1054 3153 1210 3220 Tonanti.

443 3268 530 3336 Ante
546 3280 649 3355 rates,
667 3269 763 3362 pigro
781 3269 960 3363 torpebant
976 3291 1110 3362 aequora
1119 3293 1258 3349 sumum

394 3385 468 3455 Nee
482 3410 638 3480 spumare
652 3387 783 3488 Thetis,
800 3411 863 3456 nec
881 3409 1037 3484 spargere
1054 3386 1171 3460 nubila
1187 3391 1309 3460 fluctus

394 3506 570 3588 Audebunt
587 3533 595 3576 ε
617 3508 696 3578 visis
716 3521 911 3578 tumuerunt
928 3511 1097 3603 puppibus
1114 3511 1225 3597 undae,

395 3628 500 3718 Inque
514 3626 685 3698 homiuem
699 3630 844 3698 surrexit
858 3625 975 3698 biems.
989 3633 1083 3700 Tunc
1102 3629 1219 3700 nubila
1239 3631 1361 3716 Pleias,

395 3743 618 3840 Oleniumque
638 3771 757 3842 pecus;
777 3745 877 3818 solitu
896 3763 976 3819 tunc
996 3751 1091 3845 pejor
1110 3754 1230 3830 Orion.
1278 3751 1282 3758 ’

441 3869 534 3934 Justa
552 3891 694 3960 queror:
707 3869 792 3964 fugit
808 3889 885 3940 ecee
898 3871 999 3966 vug'as
1015 3873 1095 3942 ratis
1112 3887 1186 3944 acta
1203 3897 1263 3968 per
1282 3873 1387 3944 undas

395 3982 558 4054 Paulatim
580 3988 703 4076 minor,
726 4003 760 4058 et
779 3988 878 4085 longe
896 3993 1061 4062 seruantia
1079 3993 1184 4062 virmit

394 4107 556 4193 Lumina,
572 4121 622 4175 tot
639 4107 755 4200 gracili
774 4107 865 4204 liguo
882 4110 1055 4204 complexa
1075 4114 1222 4202 timores,
