3172 5142
142 518 175 566 a.
188 517 259 580 sos.)
422 487 672 576 ”manuos
694 513 805 572 nrann
827 515 874 570 vr.

142 636 310 726 Perculit,
328 651 517 731 eventuque
532 637 700 733 impalluit
717 640 790 733 ipse
805 637 962 708 seeundo.

144 758 333 829 Clamorem
353 756 541 846 Inachidae,
561 774 725 852 quantum
746 784 815 828 nou
834 758 934 829 litora
954 757 1094 846 tollunt,

143 868 225 948 Non
235 903 372 948 nemora
386 904 394 948 ε
408 877 503 948 illurn
513 879 556 948 ab
566 880 671 950 humo
686 896 866 950 conantem
876 895 915 950 ut
924 878 1009 949 vidit
1019 878 1200 968 Adrastus,

143 999 401 1094 Tollentemque
417 1021 556 1087 manus,
574 1016 608 1070 et
627 1021 696 1070 nou
715 1000 888 1071 toleranda
905 1016 1101 1098 parantem,

144 1153 161 1186 α
173 1125 243 1206 lte,
259 1147 339 1219 oro,
359 1123 460 1210 socii,
480 1119 562 1191 furit
580 1147 587 1189 ε
604 1124 669 1208 ite,
690 1126 851 1218 opponite
870 1122 1022 1210 dextras,

144 1214 331 1331 Festinata,
350 1241 451 1331 furit,
471 1241 684 1337 palmamque
702 1258 736 1313 et
755 1245 890 1338 premia
912 1244 1018 1313 ferte:

143 1365 226 1434 Non
245 1364 337 1457 prius
358 1363 498 1432 effracto
520 1388 621 1458 quam
639 1367 778 1434 misceat
795 1389 854 1434 ora
872 1365 1029 1448 cerebro,

145 1484 313 1573 Absistet,
333 1485 431 1554 video
447 1511 454 1553 :
470 1486 672 1554 moriturum
690 1483 819 1556 auferte
835 1489 982 1556 Lacona.
998 1516 1016 1551 s

185 1607 269 1675 'Nec
284 1629 396 1692 mora,
414 1607 608 1701 prorumpit
626 1605 780 1700 Tydeus;
799 1631 860 1676 nec
876 1608 969 1701 jussa
988 1623 1119 1676 recusat
1186 1627 1189 1650 ’

144 1726 407 1821 Hippomedon:
423 1742 503 1796 tunc
522 1729 579 1795 vix
597 1727 696 1796 ambo
718 1729 894 1798 conatibus
914 1728 1029 1800 ambas

144 1848 368 1942 Restringunt
384 1847 610 1942 cohibentque
629 1872 768 1937 manus,
787 1873 826 1918 ao
844 1849 993 1944 plurima
1012 1848 1165 1918 suadent.

145 1968 311 2055 «vincia,
329 1969 383 2036 abi
401 1995 409 2035 :
426 1968 607 2062 pulchrum
623 1983 674 2038 est
688 1971 799 2039 *vitam
818 1969 947 2040 donare
963 1953 1098 2039 minori.
1120 2013 1123 2022 ι

145 2090 269 2158 Noster
286 2103 320 2157 et
338 2089 411 2173 bic,
433 2088 578 2183 bellique
594 2113 705 2158 comes
721 2115 730 2158 :
746 2113 764 2154 a·
783 2089 831 2158 nil
848 2089 1016 2184 frangitur
1031 2091 1149 2175 heros,

145 2211 359 2302 Ramumque
376 2208 593 2303 oblatumque
611 2235 713 2278 manu
732 2211 872 2280 thoraca
888 2210 1021 2305 repellit

145 2328 342 2398 Vociferans
361 2355 370 2399 ε
390 2328 549 2400 «Liceatl
567 2355 635 2398 non
656 2331 716 2400 has
731 2353 794 2426 ego
810 2329 950 2426 pulvere
968 2345 1100 2418 crasso,

148 2453 256 2542 Atque
272 2474 393 2518 cruore
413 2475 533 2545 genas,
555 2452 677 2520 meruit
693 2451 816 2544 quibus
832 2453 894 2520 iste
909 2451 1059 2521 favorem

144 2569 298 2656 Semivir,
318 2569 501 2640 infodiam?
518 2572 716 2664 mittamque
736 2570 880 2640 informe
898 2571 1051 2668 sepulcro

144 2689 300 2784 Corpus?
322 2705 355 2759 et
376 2689 522 2761 OEbalio
542 2691 664 2761 donem
683 2691 797 2785 lugere
815 2692 1025 2788 magistro?»

193 2812 286 2879 Dixit
304 2826 363 2879 :at
383 2812 473 2880 hunc
494 2813 575 2879 socii
592 2811 760 2881 tumidum
778 2827 813 2880 et
829 2813 946 2882 vicisse
967 2828 1141 2907 negantem

146 2935 316 3001 Avertunt
336 2958 343 3000 :
365 2947 483 3001 contra
498 2931 638 3002 laudant
656 2933 797 3028 insignis
817 2932 990 3003 alumnum

146 3053 305 3146 Taygeti,
324 3051 491 3147 longeque
508 3053 614 3121 minas
633 3054 735 3120 risere
753 3057 914 3124 Lacones.

196 3169 399 3240 Jamdudum
419 3173 518 3240 variae
537 3171 651 3240 laudes
672 3187 705 3240 et
726 3176 860 3242 conscia
881 3178 985 3244 virtus

147 3292 260 3386 Tydea
279 3295 530 3388 magnanimum
550 3291 693 3362 stimulis
711 3295 902 3390 ingentibus
923 3312 1062 3392 angunt.

148 3412 209 3483 llle
227 3411 361 3506 quidem
377 3427 410 3481 et
426 3411 517 3482 disco
537 3412 665 3501 bonus,
684 3430 717 3483 et
734 3415 937 3484 contendere
954 3442 1072 3500 cursu,
1114 3439 1116 3447 ⁴

148 3534 222 3603 Nec
239 3547 337 3602 caestu
356 3531 480 3602 bellare
499 3535 610 3602 minor
630 3559 639 3601 e
658 3533 716 3602 sed
735 3535 836 3603 corde
856 3534 987 3606 labores

150 3657 236 3723 Ante
256 3653 338 3723 alios
357 3668 429 3723 erat
447 3669 550 3724 uncta
567 3654 645 3724 Pale
665 3681 673 3724 :
693 3657 740 3724 sic
759 3658 829 3725 otia
844 3659 964 3727 Martis

148 3777 296 3868 Degere,
316 3789 350 3843 et
367 3774 537 3844 armiferas
554 3772 666 3844 laxare
685 3793 876 3846 assueverat
894 3780 978 3868 iras,

67 3951 72 3957 .
148 3897 302 3988 Ingentes
321 3910 438 3964 contra
452 3893 508 3965 ille
525 3897 635 3983 viros,
656 3894 816 3965 Acheloia
834 3899 960 3968 circum

147 4015 281 4103 Litora,
301 4013 478 4109 felicesque
497 4019 569 4085 Deo
589 4031 800 4084 monstrante
817 4017 998 4111 palaestras.

195 4138 286 4233 Ergo
304 4135 361 4205 ubi
382 4135 531 4205 luctandi
549 4137 690 4228 juvenes
710 4139 860 4206 animosa
881 4140 995 4208 citavit

1014 4261 1047 4332 6.
