3172 5142
133 525 252 588 (etot,
453 523 667 581 THEBAIDOS
690 526 801 580 LIBER
824 525 890 580 vlt.
1137 525 1190 581 115

134 653 318 720 Contemto
339 645 476 717 Bellona
496 651 598 738 mari,
615 652 643 732 si
662 649 747 719 sorte
766 651 913 747 benigna

133 773 347 864 Tempestas3
368 769 432 838 sibi
449 771 592 866 quisque
610 785 748 860 cavent,
768 795 932 868 ensesque
950 770 1104 842 recondit

132 891 230 958 Mors
246 889 332 978 alia,
349 904 382 959 et
399 891 481 960 socii
501 915 618 988 pacem
637 891 743 962 fecere
763 895 911 962 timores.

131 1008 225 1079 Talis
245 1024 318 1079 erat
333 1035 453 1105 campo
471 1008 551 1080 belli
570 1011 733 1081 fluitantis
752 1013 875 1108 imago.

186 1133 264 1200 Sive
278 1128 471 1199 laborantes
489 1146 652 1227 concepto
674 1133 813 1202 flumine
830 1146 927 1202 terrae

134 1255 326 1321 Ventorum
344 1251 488 1339 rabiem,
503 1266 538 1320 et
554 1249 705 1321 clausum
718 1254 844 1347 ejecere
864 1252 1029 1340 furorem;

134 1370 257 1441 Exedit
274 1396 332 1441 seu
351 1386 449 1465 putre
471 1369 598 1460 solum,
617 1374 808 1467 carpsitque
828 1373 969 1444 terendo

138 1494 239 1562 Unda
254 1492 378 1581 latens,
397 1494 467 1562 sive
486 1493 551 1562 hac
569 1491 735 1564 volventis
753 1495 908 1566 machina
926 1494 1000 1564 coeli

135 1615 314 1702 Incubuit3
338 1615 407 1684 sive
424 1637 524 1682 omne
540 1613 660 1684 fretum
680 1615 853 1709 Neptunia
872 1616 980 1684 movit

134 1735 275 1829 Cuspis,
293 1749 327 1804 et
343 1747 506 1804 extremas
517 1735 653 1830 gravius
663 1757 757 1805 mare
766 1734 865 1805 torsit
879 1736 915 1804 in
935 1759 1033 1822 oras;
1148 1756 1152 1764 ⁴

135 1860 204 1926 Seu
223 1857 290 1925 vati
310 1854 408 1924 datus
427 1853 482 1924 ille
500 1854 625 1950 fragor,
643 1879 702 1924 scu
723 1868 810 1926 terra
828 1856 956 1924 minata
973 1869 1024 1924 est

133 1977 327 2064 Fratribus;
346 2000 423 2046 eece
442 1973 507 2044 alte
525 1999 672 2070 praeoeps
690 1973 813 2044 humus
829 1998 890 2044 ore
911 1973 1082 2069 profundo

136 2095 285 2181 Dissilit,
306 2074 407 2191 inque
424 2096 529 2167 vicem
546 2109 760 2166 tremuerunt
778 2093 904 2183 sidera,
924 2108 957 2164 et
973 2094 1114 2164 umbre.

137 2216 239 2288 Illum
258 2219 375 2312 ingens
388 2215 503 2288 haurit
519 2240 656 2312 specus,
677 2229 709 2284 ct
728 2217 871 2284 transire
887 2229 1045 2310 parantes

137 2342 261 2436 Mergit
277 2363 383 2434 equos
402 2364 409 2408 :
430 2363 499 2409 non
514 2362 609 2408 arma
625 2361 747 2425 manu,
764 2361 834 2408 non
855 2335 950 2408 frena
968 2336 1115 2406 remisit:

139 2463 235 2532 Sicut
253 2475 342 2550 erat,
360 2475 469 2530 ¹rectos
487 2457 595 2529 defert
611 2460 647 2528 in
665 2460 809 2528 Tartara
826 2481 962 2546 currus,

138 2583 365 2677 Respexitque
383 2580 503 2650 cadens
523 2577 662 2667 coelnm,
681 2601 906 2673 campumque
923 2578 1013 2648 coire

137 2704 324 2798 Ingemuit,
343 2699 450 2770 donec
466 2698 573 2769 levior
589 2698 749 2768 distantia
765 2723 881 2768 rursus

138 2824 276 2894 Miscuit
293 2846 373 2892 arva
394 2835 532 2908 tremor,
549 2819 725 2914 lucemque
744 2817 884 2890 exclusit
901 2821 1046 2887 Averno.
