3200 5142
165 480 280 548 [ΗΜ
482 481 697 539 ΤΗΕΒᾸῙΒΟὸ
719 483 829 538 LIBER
853 483 905 537 111.
1165 501 1221 553 ²²9

163 608 267 678 Haud
283 633 377 678 mora
394 606 530 678 desiluit
550 632 652 679 curru
668 607 873 702 :clypeoque
893 623 1059 700 receptam

163 729 275 802 Laedit
295 733 329 798 in
346 729 520 826 amplexu,
543 729 709 825 dictisque
726 733 772 799 ita
791 728 916 800 mulcet
935 731 1068 798 amicis:

216 883 234 917 α
247 853 280 920 Ο
298 853 399 939 mihi,
419 850 584 921 bellorum
604 853 757 945 requies,
777 866 811 920 et
827 877 926 920 sacra·
938 849 1114 944 voluptaS,

165 975 315 1068 Unaque
332 997 397 1068 pax
414 970 544 1042 animo!
568 971 630 1042 soli
647 974 702 1042 cui
720 986 814 1042 tanta
829 985 976 1068 potestas

166 1099 401 1190 Divorumque
419 1096 662 1188 hominumque
680 1095 762 1164 meis
784 1118 959 1164 occurrere
978 1092 1052 1163 telis
1078 1115 1085 1130 ⁸

168 1222 330 1313 Impune,
349 1231 383 1286 et
403 1215 512 1284 media
531 1217 686 1311 quamvis
707 1217 742 1283 in
764 1215 853 1284 caede
874 1215 1052 1284 frementes

168 1343 241 1408 Hos
257 1339 409 1408 assistere
425 1362 544 1432 equos,
564 1337 665 1405 hunc·
677 1359 790 1404 ensem
807 1333 949 1404 avellere
968 1333 1107 1404 dextrn:

168 1462 243 1530 Nec
261 1459 344 1529 mihi
363 1458 493 1528 Sidonii
510 1455 665 1553 genitalia
683 1456 809 1526 foedera
829 1455 966 1545 Cadmi,

170 1583 242 1652 Nec
259 1597 317 1651 tua
337 1607 414 1651 cara
430 1579 511 1649 fides
532 1579 593 1674 (ne
613 1578 696 1649 falsa
714 1581 877 1650 incessere
899 1578 1025 1675 gaude)

169 1701 377 1772 Exciderunt
396 1726 404 1770 t
423 1702 517 1796 prius
537 1702 572 1770 in
590 1703 703 1796 patrui
722 1704 815 1775 Deus
831 1701 937 1770 infera
956 1725 1088 1796 mergar

169 1829 315 1919 Stagna,
336 1841 370 1892 et
389 1822 552 1918 pallentes
574 1847 654 1917 agar
676 1837 865 1892 exarmatus
887 1822 937 1891 ad·
950 1822 1098 1891 umbras.

169 1944 236 2015 Sed
254 1969 345 2014 nunc
362 1949 528 2014 Fatorum·
543 1945 711 2028 monitus,
728 1959 941 2037 mentemque
961 1942 1109 2037 supremi

170 2071 287 2136 Jussus
306 2067 400 2135 obire
416 2060 543 2161 patris(
561 2067 778 2160 nequeenim
796 2063 963 2134 Vulcania
984 2063 1042 2132 tali

170 2190 320 2284 Imperio
339 2213 459 2257 manus
478 2202 552 2281 apta
576 2185 664 2282 legi)
679 2212 747 2281 quo
769 2201 904 2281 pectore
924 2201 1042 2256 contra
1089 2195 1091 2198 ’

171 2313 227 2379 Ire
246 2313 382 2399 lovem,
402 2309 573 2402 dictasque
593 2335 708 2402 parem
726 2325 941 2378 contemnere
960 2308 1072 2404 leges?

170 2432 239 2501 Cui
260 2431 378 2519 modo,
396 2457 458 2527 pro
479 2427 582 2500 vires!
606 2446 726 2520 terras,
747 2429 951 2524 coelumque,
972 2431 1178 2525 fretumque,

172 2557 364 2622 Attremere
385 2556 515 2639 oranti,
535 2568 714 2647 tantosque
731 2577 770 2621 ex
791 2552 910 2622 ordine
929 2551 996 2620 vidi

169 2671 353 2744 Delituisse
369 2677 458 2744 Deos
474 2673 554 2743 :sed
576 2701 617 2762 ne
635 2675 716 2743 mihi
736 2675 836 2744 corde
856 2700 1030 2769 supremos

171 2797 341 2890 Concipe,
363 2821 455 2880 cara,
475 2814 600 2884 metus;
620 2796 756 2889 quando
777 2798 848 2866 haec
868 2812 1000 2866 mutare
1018 2813 1166 2892 potestas

171 2915 276 2988 Nulla
294 2917 419 2988 datur:
443 2944 549 3012 quum
567 2920 636 3012 jam
654 2907 764 3012 Tyriis
783 2918 845 2987 suh
864 2919 1027 2988 moenibus
1049 2921 1155 2989 ambae

169 3038 351 3109 Bellabunt
367 3055 497 3134 gentes,
516 3039 637 3126 adero,
659 3054 692 3108 et
713 3042 803 3108 socia
822 3065 914 3108 arma
927 3041 1064 3132 juvabo.

169 3161 267 3230 Tunc
281 3185 344 3229 me*
354 3161 540 3255 sanguineo
557 3159 624 3230 late
646 3159 815 3231 defervere
836 3185 955 3255 campo

171 3289 239 3354 Res
255 3308 358 3378 super
376 3280 549 3376 Argolicas
567 3283 658 3351 haud
681 3285 727 3351 sic
747 3283 877 3377 dejecta
897 3283 1045 3352 videbis:

171 3411 245 3476 Hoc
268 3406 351 3477 mihi
366 3407 442 3501 jus,
462 3433 523 3476 nec
539 3411 621 3475 Fata
643 3421 769 3475 vetant.
783 3433 800 3468 n
820 3406 875 3474 Sic
897 3431 993 3474 orsus
1013 3422 1130 3500 aperto

170 3525 369 3622 Flagrantes
386 3530 526 3597 immisit
545 3552 649 3623 equos
669 3555 676 3595 :
696 3553 764 3597 non
784 3528 876 3597 ocius
897 3526 956 3596 alti

150 3626 156 3640 ³
171 3653 212 3720 ln
233 3664 339 3719 terras
357 3651 447 3721 cadit
465 3651 514 3719 ira
535 3651 646 3736 Jovis,
669 3647 851 3744 siquando
867 3648 1013 3718 nivalem

170 3770 324 3864 Othryn,
344 3786 377 3840 et
397 3773 529 3840 Arctoae
547 3769 696 3866 gelidum
716 3785 818 3866 caput
835 3770 957 3838 institit
976 3771 1088 3853 Ossae,

170 3876 392 3986 Armavitque
411 3895 444 3961 in
467 3893 557 3963 nube
575 3917 713 3960 manum
731 3917 738 3958 τ
754 3888 844 3959 volat
863 3892 962 3988 ignea
979 3890 1082 3961 moles

171 4017 266 4083 Saeva
284 4015 347 4083 Dei
369 4014 528 4084 mandata
549 4013 673 4100 ferens,
695 4011 882 4106 coelumque
902 4013 1038 4083 trisulca

172 4136 319 4206 Territat
336 4161 436 4205 omne
455 4160 569 4222 coma,
588 4133 791 4230 jamdudum
809 4151 867 4203 aut
884 4134 1009 4203 ditibus
1027 4137 1115 4230 agris
