<?xml version="1.0" encoding="UTF-8"?>
<!DOCTYPE html PUBLIC "-//W3C//DTD XHTML 1.0 Transitional//EN"
    "http://www.w3.org/TR/xhtml1/DTD/xhtml1-transitional.dtd">
<html xmlns="http://www.w3.org/1999/xhtml" xml:lang="en" lang="en">
 <head>
  <title>
</title>
<meta http-equiv="Content-Type" content="text/html;charset=utf-8" />
  <meta name='ocr-system' content='tesseract 3.04.00' />
  <meta name='ocr-capabilities' content='ocr_page ocr_carea ocr_par ocr_line ocrx_word'/>
</head>
<body>
  <div class='ocr_page' id='page_1' title='image "./operaquaeextant00dbgoog_0068.png"; bbox 0 0 3192 5148; ppageno 0'>
   <div class='ocr_carea' id='block_1_1' title="bbox 149 481 1193 558">
    <p class='ocr_par' dir='ltr' id='par_1_1' title="bbox 149 481 1193 558">
     <span class='ocr_line' id='line_1_1' title="bbox 149 481 1193 558; baseline -0.011 -10"><span class='ocrx_word' id='word_1_1' title='bbox 149 497 248 558; x_wconf 52' lang='lat' dir='ltr'>‹aaa›</span> <span class='ocrx_word' id='word_1_2' title='bbox 485 481 677 540; x_wconf 79' lang='lat' dir='ltr'>snvsauu</span> <span class='ocrx_word' id='word_1_3' title='bbox 697 483 806 542; x_wconf 78' lang='lat' dir='ltr'>ensa</span> <span class='ocrx_word' id='word_1_4' title='bbox 826 485 863 540; x_wconf 90' lang='lat'>11.</span> <span class='ocrx_word' id='word_1_5' title='bbox 1161 491 1193 548; x_wconf 58' lang='lat' dir='ltr'>tr</span> 
     </span>
    </p>
   </div>
   <div class='ocr_carea' id='block_1_2' title="bbox 148 601 1050 1193">
    <p class='ocr_par' dir='ltr' id='par_1_2' title="bbox 148 601 1050 1193">
     <span class='ocr_line' id='line_1_2' title="bbox 150 601 1050 704; baseline -0.007 -21"><span class='ocrx_word' id='word_1_6' title='bbox 150 617 203 683; x_wconf 87' lang='lat' dir='ltr'>Tu</span> <span class='ocrx_word' id='word_1_7' title='bbox 221 611 322 682; x_wconf 91' lang='lat' dir='ltr'>modo</span> <span class='ocrx_word' id='word_1_8' title='bbox 340 611 431 679; x_wconf 86' lang='lat' dir='ltr'>fusus</span> <span class='ocrx_word' id='word_1_9' title='bbox 448 601 563 698; x_wconf 88' lang='lat' dir='ltr'>humi,</span> <span class='ocrx_word' id='word_1_10' title='bbox 581 605 869 680; x_wconf 69' lang='lat' dir='ltr'>lucemav&#39;ersaris</span> <span class='ocrx_word' id='word_1_11' title='bbox 887 609 1050 704; x_wconf 80' lang='lat' dir='ltr'>iniquam3</span> 
     </span>
     <span class='ocr_line' id='line_1_3' title="bbox 148 721 1028 825; baseline -0.006 -22"><span class='ocrx_word' id='word_1_12' title='bbox 148 735 255 804; x_wconf 82' lang='lat' dir='ltr'>Nunc</span> <span class='ocrx_word' id='word_1_13' title='bbox 271 746 401 820; x_wconf 87' lang='lat' dir='ltr'>torvus,</span> <span class='ocrx_word' id='word_1_14' title='bbox 417 731 542 824; x_wconf 90' lang='lat' dir='ltr'>pariter</span> <span class='ocrx_word' id='word_1_15' title='bbox 552 721 665 798; x_wconf 48' lang='lat' dir='ltr'>¹vestes</span> <span class='ocrx_word' id='word_1_16' title='bbox 683 745 716 799; x_wconf 92' lang='lat' dir='ltr'>et</span> <span class='ocrx_word' id='word_1_17' title='bbox 734 744 875 825; x_wconf 85' lang='lat' dir='ltr'>pectora¹</span> <span class='ocrx_word' id='word_1_18' title='bbox 886 731 1028 824; x_wconf 89' lang='lat' dir='ltr'>rumpis,</span> 
     </span>
     <span class='ocr_line' id='line_1_4' title="bbox 148 841 915 947; baseline -0.007 -25"><span class='ocrx_word' id='word_1_19' title='bbox 148 850 366 947; x_wconf 89' lang='lat' dir='ltr'>Dilectosque</span> <span class='ocrx_word' id='word_1_20' title='bbox 382 852 507 945; x_wconf 89' lang='lat' dir='ltr'>premis</span> <span class='ocrx_word' id='word_1_21' title='bbox 521 841 634 936; x_wconf 83' lang='lat' dir='ltr'>visus,</span> <span class='ocrx_word' id='word_1_22' title='bbox 650 863 683 918; x_wconf 90' lang='lat' dir='ltr'>et</span> <span class='ocrx_word' id='word_1_23' title='bbox 699 848 818 944; x_wconf 82' lang='lat' dir='ltr'>frigida</span> <span class='ocrx_word' id='word_1_24' title='bbox 832 848 915 918; x_wconf 84' lang='lat' dir='ltr'><strong>libas</strong></span> 
     </span>
     <span class='ocr_line' id='line_1_5' title="bbox 150 957 1007 1065; baseline -0.002 -25"><span class='ocrx_word' id='word_1_25' title='bbox 150 969 278 1040; x_wconf 84' lang='lat' dir='ltr'><strong>Oscula</strong></span> <span class='ocrx_word' id='word_1_26' title='bbox 296 997 304 1039; x_wconf 74' lang='grc' dir='ltr'><em>τ</em></span> <span class='ocrx_word' id='word_1_27' title='bbox 325 957 420 1038; x_wconf 87' lang='lat' dir='ltr'>erant</span> <span class='ocrx_word' id='word_1_28' title='bbox 436 967 503 1040; x_wconf 92' lang='lat' dir='ltr'>illic</span> <span class='ocrx_word' id='word_1_29' title='bbox 521 967 852 1065; x_wconf 86' lang='lat' dir='ltr'>genitor,&#39;materque</span> <span class='ocrx_word' id='word_1_30' title='bbox 866 971 1007 1063; x_wconf 89' lang='lat' dir='ltr'>jacentis</span> 
     </span>
     <span class='ocr_line' id='line_1_6' title="bbox 150 1090 957 1193; baseline 0 -33"><span class='ocrx_word' id='word_1_31' title='bbox 150 1093 289 1178; x_wconf 88' lang='lat' dir='ltr'>Moesta;</span> <span class='ocrx_word' id='word_1_32' title='bbox 308 1090 366 1159; x_wconf 92' lang='lat' dir='ltr'>sed</span> <span class='ocrx_word' id='word_1_33' title='bbox 385 1090 519 1159; x_wconf 75' lang='lat' dir='ltr'>attoniti</span> <span class='ocrx_word' id='word_1_34' title='bbox 537 1105 570 1159; x_wconf 91' lang='lat' dir='ltr'>te</span> <span class='ocrx_word' id='word_1_35' title='bbox 586 1097 776 1193; x_wconf 76' lang='lat' dir='ltr'>spectavere</span> <span class='ocrx_word' id='word_1_36' title='bbox 793 1105 957 1185; x_wconf 89' lang='lat' dir='ltr'>parentes.</span> 
     </span>
    </p>
   </div>
   <div class='ocr_carea' id='block_1_3' title="bbox 150 1205 1176 4186">
    <p class='ocr_par' dir='ltr' id='par_1_3' title="bbox 150 1205 1164 1904">
     <span class='ocr_line' id='line_1_7' title="bbox 202 1205 1164 1306; baseline 0.002 -26"><span class='ocrx_word' id='word_1_37' title='bbox 202 1211 296 1300; x_wconf 87' lang='lat' dir='ltr'>Quid</span> <span class='ocrx_word' id='word_1_38' title='bbox 311 1209 460 1281; x_wconf 85' lang='lat' dir='ltr'>mirum?</span> <span class='ocrx_word' id='word_1_39' title='bbox 478 1210 572 1306; x_wconf 88' lang='lat' dir='ltr'><strong>plebs</strong></span> <span class='ocrx_word' id='word_1_40' title='bbox 588 1226 707 1282; x_wconf 86' lang='lat' dir='ltr'>cuncta</span> <span class='ocrx_word' id='word_1_41' title='bbox 726 1211 834 1298; x_wconf 88' lang='lat' dir='ltr'>nefas,</span> <span class='ocrx_word' id='word_1_42' title='bbox 853 1224 886 1280; x_wconf 88' lang='lat' dir='ltr'>et</span> <span class='ocrx_word' id='word_1_43' title='bbox 902 1213 1024 1306; x_wconf 83' lang='lat' dir='ltr'>praevia</span> <span class='ocrx_word' id='word_1_44' title='bbox 1041 1205 1164 1282; x_wconf 87' lang='lat' dir='ltr'>flerunt</span> 
     </span>
     <span class='ocr_line' id='line_1_8' title="bbox 151 1317 976 1426; baseline -0.001 -26"><span class='ocrx_word' id='word_1_45' title='bbox 151 1317 493 1426; x_wconf 44' lang='lat' dir='ltr'>Agmina,Flamini,0</span> <span class='ocrx_word' id='word_1_46' title='bbox 510 1356 583 1426; x_wconf 83' lang='lat' dir='ltr'>quae</span> <span class='ocrx_word' id='word_1_47' title='bbox 600 1330 705 1400; x_wconf 88' lang='lat' dir='ltr'>limite</span> <span class='ocrx_word' id='word_1_48' title='bbox 720 1329 864 1401; x_wconf 88' lang='lat' dir='ltr'>Milvius</span> <span class='ocrx_word' id='word_1_49' title='bbox 876 1357 976 1426; x_wconf 80' lang='lat' dir='ltr'>agger</span> 
     </span>
     <span class='ocr_line' id='line_1_9' title="bbox 150 1450 1125 1539; baseline 0.002 -21"><span class='ocrx_word' id='word_1_50' title='bbox 150 1451 371 1539; x_wconf 86' lang='lat' dir='ltr'>Transvehit,</span> <span class='ocrx_word' id='word_1_51' title='bbox 390 1452 575 1520; x_wconf 86' lang='lat' dir='ltr'>immeritus</span> <span class='ocrx_word' id='word_1_52' title='bbox 593 1450 735 1522; x_wconf 86' lang='lat' dir='ltr'>flammis</span> <span class='ocrx_word' id='word_1_53' title='bbox 752 1450 833 1520; x_wconf 92' lang='lat' dir='ltr'>dum</span> <span class='ocrx_word' id='word_1_54' title='bbox 851 1450 998 1520; x_wconf 88' lang='lat' dir='ltr'>tristibus</span> <span class='ocrx_word' id='word_1_55' title='bbox 1015 1451 1125 1520; x_wconf 82' lang='lat' dir='ltr'>infans</span> 
     </span>
     <span class='ocr_line' id='line_1_10' title="bbox 150 1559 1070 1666; baseline 0.002 -29"><span class='ocrx_word' id='word_1_56' title='bbox 150 1569 323 1658; x_wconf 80' lang='lat' dir='ltr'>Traditur,</span> <span class='ocrx_word' id='word_1_57' title='bbox 340 1584 373 1638; x_wconf 92' lang='lat' dir='ltr'>et</span> <span class='ocrx_word' id='word_1_58' title='bbox 390 1559 550 1666; x_wconf 75' lang='lat' dir='ltr'>¹gemitum</span> <span class='ocrx_word' id='word_1_59' title='bbox 570 1569 742 1664; x_wconf 86' lang='lat' dir='ltr'>formaque</span> <span class='ocrx_word' id='word_1_60' title='bbox 759 1595 896 1666; x_wconf 80' lang='lat' dir='ltr'>aevoque</span> <span class='ocrx_word' id='word_1_61' title='bbox 913 1584 1070 1639; x_wconf 89' lang='lat' dir='ltr'>meretur.</span> 
     </span>
     <span class='ocr_line' id='line_1_11' title="bbox 150 1681 1014 1785; baseline 0.003 -30"><span class='ocrx_word' id='word_1_62' title='bbox 150 1685 244 1756; x_wconf 90' lang='lat' dir='ltr'>Talis</span> <span class='ocrx_word' id='word_1_63' title='bbox 260 1690 296 1757; x_wconf 88' lang='lat' dir='ltr'>in</span> <span class='ocrx_word' id='word_1_64' title='bbox 312 1681 507 1759; x_wconf 85' lang='lat' dir='ltr'>Isthmiacos</span> <span class='ocrx_word' id='word_1_65' title='bbox 525 1689 675 1785; x_wconf 90' lang='lat' dir='ltr'>prolatus</span> <span class='ocrx_word' id='word_1_66' title='bbox 691 1690 733 1758; x_wconf 92' lang='lat' dir='ltr'>ab</span> <span class='ocrx_word' id='word_1_67' title='bbox 749 1687 881 1784; x_wconf 77' lang='lat' dir='ltr'>aequore</span> <span class='ocrx_word' id='word_1_68' title='bbox 898 1703 1014 1784; x_wconf 90' lang='lat' dir='ltr'>portus</span> 
     </span>
     <span class='ocr_line' id='line_1_12' title="bbox 151 1807 1050 1904; baseline -0.002 -26"><span class='ocrx_word' id='word_1_69' title='bbox 151 1807 345 1904; x_wconf 77' lang='lat' dir='ltr'><strong>Naufragus</strong></span> <span class='ocrx_word' id='word_1_70' title='bbox 362 1810 518 1904; x_wconf 90' lang='lat' dir='ltr'>imposita</span> <span class='ocrx_word' id='word_1_71' title='bbox 531 1810 637 1904; x_wconf 85' lang='lat' dir='ltr'>jacuit</span> <span class='ocrx_word' id='word_1_72' title='bbox 654 1810 715 1878; x_wconf 92' lang='lat' dir='ltr'>sub</span> <span class='ocrx_word' id='word_1_73' title='bbox 735 1823 841 1877; x_wconf 87' lang='lat' dir='ltr'>matre</span> <span class='ocrx_word' id='word_1_74' title='bbox 857 1807 1050 1878; x_wconf 78' lang='lat' dir='ltr'>Palaemon&#39;:</span> 
     </span>
    </p>

    <p class='ocr_par' dir='ltr' id='par_1_4' title="bbox 150 1925 1112 2143">
     <span class='ocr_line' id='line_1_13' title="bbox 152 1925 993 2024; baseline 0.002 -29"><span class='ocrx_word' id='word_1_75' title='bbox 152 1927 209 1996; x_wconf 90' lang='lat' dir='ltr'>Sic</span> <span class='ocrx_word' id='word_1_76' title='bbox 225 1940 258 1996; x_wconf 90' lang='lat' dir='ltr'>et</span> <span class='ocrx_word' id='word_1_77' title='bbox 275 1929 310 1996; x_wconf 93' lang='lat' dir='ltr'>in</span> <span class='ocrx_word' id='word_1_78' title='bbox 326 1929 505 2023; x_wconf 77' lang='lat' dir='ltr'>anguifera</span> <span class='ocrx_word' id='word_1_79' title='bbox 521 1927 693 1998; x_wconf 88' lang='lat' dir='ltr'>ludentem</span> <span class='ocrx_word' id='word_1_80' title='bbox 708 1925 858 2024; x_wconf 83' lang='lat' dir='ltr'>¹gramine</span> <span class='ocrx_word' id='word_1_81' title='bbox 875 1931 993 1998; x_wconf 84' lang='lat' dir='ltr'>Lernae</span> 
     </span>
     <span class='ocr_line' id='line_1_14' title="bbox 150 2043 1112 2143; baseline 0.001 -28"><span class='ocrx_word' id='word_1_82' title='bbox 150 2047 332 2116; x_wconf 83' lang='lat' dir='ltr'>Praecisum</span> <span class='ocrx_word' id='word_1_83' title='bbox 350 2049 531 2141; x_wconf 84' lang='lat' dir='ltr'><strong>squammis</strong></span> <span class='ocrx_word' id='word_1_84' title='bbox 548 2048 685 2117; x_wconf 90' lang='lat' dir='ltr'>rabidus</span> <span class='ocrx_word' id='word_1_85' title='bbox 704 2047 782 2117; x_wconf 91' lang='lat' dir='ltr'>tulit</span> <span class='ocrx_word' id='word_1_86' title='bbox 798 2043 917 2143; x_wconf 84' lang='lat' dir='ltr'><strong>anguis</strong></span> <span class='ocrx_word' id='word_1_87' title='bbox 934 2047 1112 2142; x_wconf 89' lang='lat' dir='ltr'>Ophelten.</span> 
     </span>
    </p>

    <p class='ocr_par' dir='ltr' id='par_1_5' title="bbox 153 2167 994 2358">
     <span class='ocr_line' id='line_1_15' title="bbox 204 2167 994 2262; baseline -0.003 -26"><span class='ocrx_word' id='word_1_88' title='bbox 204 2168 296 2236; x_wconf 88' lang='lat' dir='ltr'>Pone</span> <span class='ocrx_word' id='word_1_89' title='bbox 313 2181 440 2256; x_wconf 90' lang='lat' dir='ltr'>metus,</span> <span class='ocrx_word' id='word_1_90' title='bbox 457 2167 582 2262; x_wconf 90' lang='lat' dir='ltr'>letique</span> <span class='ocrx_word' id='word_1_91' title='bbox 599 2171 706 2237; x_wconf 89' lang='lat' dir='ltr'>minas</span> <span class='ocrx_word' id='word_1_92' title='bbox 723 2168 843 2237; x_wconf 87' lang='lat' dir='ltr'>desiste</span> <span class='ocrx_word' id='word_1_93' title='bbox 860 2169 967 2236; x_wconf 90' lang='lat' dir='ltr'>vereri</span> <span class='ocrx_word' id='word_1_94' title='bbox 986 2193 994 2235; x_wconf 73' lang='grc' dir='ltr'><strong><em>ε</em></strong></span> 
     </span>
     <span class='ocr_line' id='line_1_16' title="bbox 153 2285 866 2358; baseline 0 -2"><span class='ocrx_word' id='word_1_95' title='bbox 153 2285 257 2356; x_wconf 92' lang='lat' dir='ltr'>Illum</span> <span class='ocrx_word' id='word_1_96' title='bbox 273 2313 335 2358; x_wconf 91' lang='lat' dir='ltr'>nec</span> <span class='ocrx_word' id='word_1_97' title='bbox 352 2299 447 2357; x_wconf 88' lang='lat' dir='ltr'>terno</span> <span class='ocrx_word' id='word_1_98' title='bbox 465 2287 600 2358; x_wconf 92' lang='lat' dir='ltr'>latrabit</span> <span class='ocrx_word' id='word_1_99' title='bbox 616 2285 781 2358; x_wconf 78' lang='lat' dir='ltr'>Cerberus</span> <span class='ocrx_word' id='word_1_100' title='bbox 799 2287 866 2357; x_wconf 71' lang='lat' dir='ltr'>ore&#39;</span> 
     </span>
    </p>

    <p class='ocr_par' dir='ltr' id='par_1_6' title="bbox 152 2401 1059 2741">
     <span class='ocr_line' id='line_1_17' title="bbox 154 2401 1059 2503; baseline -0.003 -25"><span class='ocrx_word' id='word_1_101' title='bbox 154 2405 259 2478; x_wconf 90' lang='lat' dir='ltr'>Nulla</span> <span class='ocrx_word' id='word_1_102' title='bbox 277 2433 372 2477; x_wconf 89' lang='lat' dir='ltr'>soror</span> <span class='ocrx_word' id='word_1_103' title='bbox 389 2401 551 2496; x_wconf 87' lang='lat' dir='ltr'>flammis,</span> <span class='ocrx_word' id='word_1_104' title='bbox 570 2403 663 2478; x_wconf 88' lang='lat' dir='ltr'>nulla</span> <span class='ocrx_word' id='word_1_105' title='bbox 680 2405 927 2503; x_wconf 81' lang='lat' dir='ltr'>assurgentibus</span> <span class='ocrx_word' id='word_1_106' title='bbox 944 2407 1059 2501; x_wconf 86' lang='lat' dir='ltr'>hydris</span> 
     </span>
     <span class='ocr_line' id='line_1_18' title="bbox 152 2509 1012 2623; baseline 0.001 -29"><span class='ocrx_word' id='word_1_107' title='bbox 152 2525 307 2595; x_wconf 89' lang='lat' dir='ltr'>Terrebit</span> <span class='ocrx_word' id='word_1_108' title='bbox 325 2553 333 2596; x_wconf 74' lang='grc' dir='ltr'><strong>ε</strong></span> <span class='ocrx_word' id='word_1_109' title='bbox 352 2529 435 2623; x_wconf 89' lang='lat' dir='ltr'>quin</span> <span class='ocrx_word' id='word_1_110' title='bbox 453 2528 524 2623; x_wconf 91' lang='lat' dir='ltr'>ipse</span> <span class='ocrx_word' id='word_1_111' title='bbox 541 2519 645 2597; x_wconf 81' lang='lat' dir='ltr'>avidae</span> <span class='ocrx_word' id='word_1_112' title='bbox 663 2525 739 2597; x_wconf 70' lang='lat' dir='ltr'>trux</span> <span class='ocrx_word' id='word_1_113' title='bbox 756 2509 869 2596; x_wconf 88' lang='lat' dir='ltr'>navita</span> <span class='ocrx_word' id='word_1_114' title='bbox 888 2527 1012 2620; x_wconf 81' lang='lat' dir='ltr'>cymbae</span> 
     </span>
     <span class='ocr_line' id='line_1_19' title="bbox 153 2633 898 2741; baseline 0.004 -28"><span class='ocrx_word' id='word_1_115' title='bbox 153 2647 301 2714; x_wconf 89' lang='lat' dir='ltr'>Interius</span> <span class='ocrx_word' id='word_1_116' title='bbox 317 2633 443 2716; x_wconf 89' lang='lat' dir='ltr'>steriles</span> <span class='ocrx_word' id='word_1_117' title='bbox 461 2649 571 2741; x_wconf 84' lang='lat' dir='ltr'>ripas,</span> <span class='ocrx_word' id='word_1_118' title='bbox 587 2662 620 2717; x_wconf 92' lang='lat' dir='ltr'>et</span> <span class='ocrx_word' id='word_1_119' title='bbox 639 2637 755 2716; x_wconf 79' lang='lat' dir='ltr'>adusta</span> <span class='ocrx_word' id='word_1_120' title='bbox 774 2646 898 2717; x_wconf 83' lang='lat' dir='ltr'>subibit</span> 
     </span>
    </p>

    <p class='ocr_par' dir='ltr' id='par_1_7' title="bbox 154 2765 945 2862">
     <span class='ocr_line' id='line_1_20' title="bbox 154 2765 945 2862; baseline 0.003 -28"><span class='ocrx_word' id='word_1_121' title='bbox 154 2766 292 2851; x_wconf 85' lang='lat' dir='ltr'>Litora,</span> <span class='ocrx_word' id='word_1_122' title='bbox 310 2791 353 2834; x_wconf 92' lang='lat' dir='ltr'>ne</span> <span class='ocrx_word' id='word_1_123' title='bbox 368 2791 474 2862; x_wconf 91' lang='lat' dir='ltr'>puero</span> <span class='ocrx_word' id='word_1_124' title='bbox 490 2766 576 2835; x_wconf 90' lang='lat' dir='ltr'>dura</span> <span class='ocrx_word' id='word_1_125' title='bbox 594 2767 780 2837; x_wconf 88' lang='lat' dir='ltr'>ascendisse</span> <span class='ocrx_word' id='word_1_126' title='bbox 796 2765 945 2838; x_wconf 87' lang='lat' dir='ltr'>facultas.</span> 
     </span>
    </p>

    <p class='ocr_par' dir='ltr' id='par_1_8' title="bbox 156 2873 1146 3460">
     <span class='ocr_line' id='line_1_21' title="bbox 205 2873 981 2982; baseline 0.003 -29"><span class='ocrx_word' id='word_1_127' title='bbox 205 2885 299 2973; x_wconf 90' lang='lat' dir='ltr'>Quid</span> <span class='ocrx_word' id='word_1_128' title='bbox 318 2887 401 2954; x_wconf 90' lang='lat' dir='ltr'>mihi</span> <span class='ocrx_word' id='word_1_129' title='bbox 417 2873 576 2981; x_wconf 70' lang='lat' dir='ltr'>gaudenti</span> <span class='ocrx_word' id='word_1_130' title='bbox 593 2885 703 2982; x_wconf 85' lang='lat' dir='ltr'>proles</span> <span class='ocrx_word' id='word_1_131' title='bbox 720 2886 871 2982; x_wconf 86' lang='lat' dir='ltr'>Cyllenia</span> <span class='ocrx_word' id='word_1_132' title='bbox 887 2888 981 2982; x_wconf 83' lang='lat' dir='ltr'>virga</span> 
     </span>
     <span class='ocr_line' id='line_1_22' title="bbox 156 2999 1146 3100; baseline -0.005 -24"><span class='ocrx_word' id='word_1_133' title='bbox 156 3004 325 3076; x_wconf 76' lang='lat' dir='ltr'>Nuntiat?</span> <span class='ocrx_word' id='word_1_134' title='bbox 341 3019 433 3076; x_wconf 91' lang='lat' dir='ltr'>estne</span> <span class='ocrx_word' id='word_1_135' title='bbox 450 3004 577 3100; x_wconf 88' lang='lat' dir='ltr'>aliquid</span> <span class='ocrx_word' id='word_1_136' title='bbox 595 2999 667 3075; x_wconf 52' lang='lat' dir='ltr'>tam&#39;</span> <span class='ocrx_word' id='word_1_137' title='bbox 681 3031 766 3076; x_wconf 80' lang='lat' dir='ltr'>saevo</span> <span class='ocrx_word' id='word_1_138' title='bbox 785 3008 820 3075; x_wconf 96' lang='lat' dir='ltr'>in</span> <span class='ocrx_word' id='word_1_139' title='bbox 839 3019 989 3100; x_wconf 90' lang='lat' dir='ltr'>tempore</span> <span class='ocrx_word' id='word_1_140' title='bbox 1006 3003 1146 3075; x_wconf 74' lang='lat' dir='ltr'>laetum?</span> 
     </span>
     <span class='ocr_line' id='line_1_23' title="bbox 156 3115 980 3220; baseline 0.004 -31"><span class='ocrx_word' id='word_1_141' title='bbox 156 3125 335 3195; x_wconf 75' lang='lat' dir='ltr'>«Noverat</span> <span class='ocrx_word' id='word_1_142' title='bbox 353 3115 746 3220; x_wconf 82' lang='lat' dir='ltr'>effigiem,&#39;ge1ierosique</span> <span class='ocrx_word' id='word_1_143' title='bbox 764 3126 871 3195; x_wconf 91' lang='lat' dir='ltr'>ardua</span> <span class='ocrx_word' id='word_1_144' title='bbox 885 3123 980 3196; x_wconf 86' lang='lat' dir='ltr'>Blaesi</span> 
     </span>
     <span class='ocr_line' id='line_1_24' title="bbox 156 3238 1064 3340; baseline -0.002 -28"><span class='ocrx_word' id='word_1_145' title='bbox 156 3245 230 3312; x_wconf 89' lang='lat' dir='ltr'>Ora</span> <span class='ocrx_word' id='word_1_146' title='bbox 248 3268 343 3338; x_wconf 91' lang='lat' dir='ltr'>puer,</span> <span class='ocrx_word' id='word_1_147' title='bbox 360 3243 442 3313; x_wconf 90' lang='lat' dir='ltr'>dum</span> <span class='ocrx_word' id='word_1_148' title='bbox 459 3257 548 3339; x_wconf 78' lang='lat' dir='ltr'>saepe&#39;</span> <span class='ocrx_word' id='word_1_149' title='bbox 561 3245 652 3315; x_wconf 87' lang='lat' dir='ltr'>domi</span> <span class='ocrx_word' id='word_1_150' title='bbox 665 3238 757 3316; x_wconf 53' lang='lat' dir='ltr'>&#39;nova</span> <span class='ocrx_word' id='word_1_151' title='bbox 771 3241 859 3314; x_wconf 89' lang='lat' dir='ltr'>serta</span> <span class='ocrx_word' id='word_1_152' title='bbox 875 3244 1036 3340; x_wconf 81' lang='lat' dir='ltr'>ligantem</span> <span class='ocrx_word' id='word_1_153' title='bbox 1062 3293 1064 3300; x_wconf 46' lang='lat'>&gt;</span> 
     </span>
     <span class='ocr_line' id='line_1_25' title="bbox 157 3359 1023 3460; baseline 0 -28"><span class='ocrx_word' id='word_1_154' title='bbox 157 3365 206 3432; x_wconf 89' lang='lat' dir='ltr'>Te</span> <span class='ocrx_word' id='word_1_155' title='bbox 222 3362 333 3452; x_wconf 84' lang='lat' dir='ltr'>videt,</span> <span class='ocrx_word' id='word_1_156' title='bbox 351 3376 384 3432; x_wconf 89' lang='lat' dir='ltr'>et</span> <span class='ocrx_word' id='word_1_157' title='bbox 400 3363 524 3433; x_wconf 87' lang='lat' dir='ltr'>similes</span> <span class='ocrx_word' id='word_1_158' title='bbox 544 3377 728 3460; x_wconf 84' lang='lat' dir='ltr'>tergentem</span> <span class='ocrx_word' id='word_1_159' title='bbox 746 3359 880 3460; x_wconf 87' lang='lat' dir='ltr'>pectore</span> <span class='ocrx_word' id='word_1_160' title='bbox 897 3371 1003 3433; x_wconf 67' lang='lat' dir='ltr'>curasss</span> <span class='ocrx_word' id='word_1_161' title='bbox 1020 3366 1023 3380; x_wconf 93' lang='lat'>&#39;</span> 
     </span>
    </p>

    <p class='ocr_par' dir='ltr' id='par_1_9' title="bbox 156 3482 936 3581">
     <span class='ocr_line' id='line_1_26' title="bbox 156 3482 936 3581; baseline 0 -29"><span class='ocrx_word' id='word_1_162' title='bbox 156 3485 259 3552; x_wconf 85' lang='lat' dir='ltr'>Hunc</span> <span class='ocrx_word' id='word_1_163' title='bbox 274 3482 332 3552; x_wconf 90' lang='lat' dir='ltr'>ubi</span> <span class='ocrx_word' id='word_1_164' title='bbox 348 3483 474 3552; x_wconf 83' lang='lat' dir='ltr'>Letbaei</span> <span class='ocrx_word' id='word_1_165' title='bbox 490 3482 689 3555; x_wconf 89' lang='lat' dir='ltr'>lustrantem</span> <span class='ocrx_word' id='word_1_166' title='bbox 704 3487 844 3581; x_wconf 80' lang='lat' dir='ltr'>gurgitis</span> <span class='ocrx_word' id='word_1_167' title='bbox 860 3508 936 3553; x_wconf 90' lang='lat' dir='ltr'>oras</span> 
     </span>
    </p>

    <p class='ocr_par' dir='ltr' id='par_1_10' title="bbox 157 3581 975 3699">
     <span class='ocr_line' id='line_1_27' title="bbox 157 3581 975 3699; baseline 0.001 -28"><span class='ocrx_word' id='word_1_168' title='bbox 157 3603 325 3672; x_wconf 80' lang='lat' dir='ltr'>Ausonios</span> <span class='ocrx_word' id='word_1_169' title='bbox 343 3602 430 3672; x_wconf 91' lang='lat' dir='ltr'>inter</span> <span class='ocrx_word' id='word_1_170' title='bbox 446 3627 620 3699; x_wconf 89' lang='lat' dir='ltr'>proceres,</span> <span class='ocrx_word' id='word_1_171' title='bbox 637 3597 824 3698; x_wconf 87' lang='lat' dir='ltr'>seriemque</span> <span class='ocrx_word' id='word_1_172' title='bbox 838 3581 975 3695; x_wconf 87' lang='lat' dir='ltr'>Quirini</span> 
     </span>
    </p>

    <p class='ocr_par' dir='ltr' id='par_1_11' title="bbox 157 3713 907 3820">
     <span class='ocr_line' id='line_1_28' title="bbox 157 3722 907 3820; baseline 0.001 -30"><span class='ocrx_word' id='word_1_173' title='bbox 157 3725 325 3818; x_wconf 76' lang='lat' dir='ltr'>Agnovit,</span> <span class='ocrx_word' id='word_1_174' title='bbox 341 3722 457 3793; x_wconf 92' lang='lat' dir='ltr'>timide</span> <span class='ocrx_word' id='word_1_175' title='bbox 475 3723 621 3818; x_wconf 89' lang='lat' dir='ltr'>primum</span> <span class='ocrx_word' id='word_1_176' title='bbox 639 3725 779 3820; x_wconf 83' lang='lat' dir='ltr'>vestigia</span> <span class='ocrx_word' id='word_1_177' title='bbox 794 3725 907 3820; x_wconf 83' lang='lat' dir='ltr'>jungit</span> 
     </span>
    </p>

    <p class='ocr_par' dir='ltr' id='par_1_12' title="bbox 152 3842 981 3938">
     <span class='ocr_line' id='line_1_29' title="bbox 152 3842 981 3938; baseline 0.001 -27"><span class='ocrx_word' id='word_1_178' title='bbox 152 3843 302 3928; x_wconf 72' lang='lat' dir='ltr'>¹decessu</span> <span class='ocrx_word' id='word_1_179' title='bbox 320 3845 437 3931; x_wconf 89' lang='lat' dir='ltr'>tacito,</span> <span class='ocrx_word' id='word_1_180' title='bbox 455 3867 668 3938; x_wconf 87' lang='lat' dir='ltr'>summosque</span> <span class='ocrx_word' id='word_1_181' title='bbox 685 3842 815 3914; x_wconf 87' lang='lat' dir='ltr'>lacessit</span> <span class='ocrx_word' id='word_1_182' title='bbox 832 3845 981 3912; x_wconf 89' lang='lat' dir='ltr'>amictus.</span> 
     </span>
    </p>

    <p class='ocr_par' dir='ltr' id='par_1_13' title="bbox 158 3953 1176 4186">
     <span class='ocr_line' id='line_1_30' title="bbox 158 3953 1176 4060; baseline -0.002 -28"><span class='ocrx_word' id='word_1_183' title='bbox 158 3959 242 4032; x_wconf 87' lang='lat' dir='ltr'>lude</span> <span class='ocrx_word' id='word_1_184' title='bbox 258 3963 364 4058; x_wconf 84' lang='lat' dir='ltr'>magis</span> <span class='ocrx_word' id='word_1_185' title='bbox 380 3966 531 4058; x_wconf 87' lang='lat' dir='ltr'>sequitur</span> <span class='ocrx_word' id='word_1_186' title='bbox 541 3991 550 4034; x_wconf 75' lang='grc' dir='ltr'><strong>ε</strong></span> <span class='ocrx_word' id='word_1_187' title='bbox 560 3989 668 4059; x_wconf 89' lang='lat' dir='ltr'>neque</span> <span class='ocrx_word' id='word_1_188' title='bbox 678 3966 776 4034; x_wconf 86' lang='lat' dir='ltr'>¹enim</span> <span class='ocrx_word' id='word_1_189' title='bbox 787 3953 896 4060; x_wconf 78' lang='lat' dir='ltr'>&#39;magis</span> <span class='ocrx_word' id='word_1_190' title='bbox 913 3962 969 4032; x_wconf 91' lang='lat' dir='ltr'>ille</span> <span class='ocrx_word' id='word_1_191' title='bbox 987 3964 1176 4033; x_wconf 82' lang='lat' dir='ltr'>trahentem</span> 
     </span>
     <span class='ocr_line' id='line_1_31' title="bbox 158 4079 983 4186; baseline 0 -36"><span class='ocrx_word' id='word_1_192' title='bbox 158 4079 309 4186; x_wconf 83' lang='lat' dir='ltr'>Spernit,</span> <span class='ocrx_word' id='word_1_193' title='bbox 326 4095 359 4150; x_wconf 89' lang='lat' dir='ltr'>et</span> <span class='ocrx_word' id='word_1_194' title='bbox 376 4083 490 4176; x_wconf 83' lang='lat' dir='ltr'>ignota</span> <span class='ocrx_word' id='word_1_195' title='bbox 507 4084 614 4153; x_wconf 85' lang='lat' dir='ltr'>credit</span> <span class='ocrx_word' id='word_1_196' title='bbox 631 4085 672 4153; x_wconf 91' lang='lat' dir='ltr'>de</span> <span class='ocrx_word' id='word_1_197' title='bbox 691 4087 983 4179; x_wconf 18' lang='lat' dir='ltr'>stirpepnepotum.</span> 
     </span>
    </p>
   </div>
   <div class='ocr_carea' id='block_1_4' title="bbox 0 0 1613 5148">
    <p class='ocr_par' dir='ltr' id='par_1_14' title="bbox 0 0 1613 5148">
     <span class='ocr_line' id='line_1_32' title="bbox 0 0 1613 5148; baseline 0 0"><span class='ocrx_word' id='word_1_198' title='bbox 0 0 1613 5148; x_wconf 95' lang='lat' dir='ltr'> </span> 
     </span>
    </p>
   </div>
  </div>
 </body>
</html>
