3094 5140
383 472 441 530 201.
489 431 494 444 '
703 463 921 522 runanrnos
941 465 1057 522 nmen
1076 466 1115 522 x.
1318 468 1350 530 (v.
1366 473 1435 536 με.)

381 621 398 656 c
413 589 490 680 His,
510 590 572 677 ait,
593 590 628 658 in
645 589 798 678 Thebae,
815 589 869 659 his
882 590 955 684 jam
971 588 1066 660 deoet
1081 589 1216 686 ignibus
1231 592 1297 675 uti,

381 711 469 782 Hinc
479 735 641 781 renovare
650 709 773 796 facem,
782 709 971 805 lassamque
984 711 1168 782 accendere
1180 731 1353 806 quercum.
1364 745 1381 780 a

428 830 522 904 Talia
538 831 705 904 dicentem
727 845 798 902 toto
817 835 899 902 Jove
910 829 1044 932 ¹fulmen
1060 829 1217 904 adactum

379 954 554 1050 Corripuit
572 979 580 1024 :
603 955 720 1050 primae
740 953 855 1048 fugere
871 953 906 1022 in
923 951 1041 1022 nubila
1058 955 1182 1042 cristae,

378 1078 423 1144 Et
441 1073 548 1170 clypei
568 1075 665 1170 niger
683 1074 788 1144 umbo
804 1073 919 1143 cadit:
938 1075 1075 1169 jamque
1093 1076 1206 1178 omnia
1224 1075 1339 1148 lucent

377 1196 534 1268 Membra
549 1195 635 1264 viri:
655 1193 781 1266 'cedunt
798 1196 900 1283 aciei,
918 1209 952 1263 et
971 1209 1081 1264 terror
1094 1197 1278 1290 utrimque,

378 1316 458 1404 Quo
476 1329 569 1404 ruat,
586 1314 720 1384 ardenti
741 1314 840 1384 feriat
859 1339 943 1410 quaa
960 1339 1102 1410 corpore
1123 1331 1258 1387 turmae

376 1438 472 1505 Intra
489 1461 524 1504 se
540 1434 681 1516 stridere
696 1433 818 1524 lacem,
835 1433 1047 1531 galeamque,
1067 1462 1246 1532 comasque

376 1557 527 1645 Quaerit,
546 1570 582 1626 et
598 1569 752 1626 urentem
770 1557 909 1628 thoraca
925 1556 1086 1652 repellere
1105 1558 1221 1630 dextra

376 1679 541 1765 Conatus,
560 1676 641 1746 ferri
659 1679 805 1748 cinerem
821 1679 885 1748 sub
902 1695 1039 1775 pectore
1053 1696 1182 1754 tractat.

377 1799 453 1868 Stat
464 1813 595 1888 tamen,
608 1813 862 1895 extremumque
882 1802 917 1870 in
932 1803 1042 1873 sidera
1053 1830 1167 1876 versus
1182 1810 1336 1903 anhelat,

375 1921 581 2014 Pectoraque
600 1921 717 1990 invisis
737 1919 844 1991 obicit
862 1923 1026 1994 fumantia
1043 1929 1167 2018 muris,

374 2041 427 2112 Ne
443 2040 604 2111 caderet:
625 2040 686 2112 sed
704 2043 856 2148 membra
877 2045 989 2116 'virum
1005 2050 1137 2148 lemene
1157 2049 1375 2147 relinquunt,

374 2163 584 2257 Eruiturque
604 2163 761 2234 animus:
784 2162 936 2259 paullum
960 2168 988 2237 si
1006 2169 1134 2240 tardius
1155 2187 1248 2244 artus
1308 2209 1310 2215 v

375 2283 572 2372 Cessissent,
589 2285 701 2378 potuit
721 2283 854 2356 firlmen'
872 2289 1032 2360 meruisse
1049 2293 1247 2365 secundum.
