3206 5136
165 529 278 588 (issa.)
499 523 711 580 rrmnuoos
734 523 845 580 tuan
860 523 895 576 v.
1180 521 1218 593 ts

166 648 355 720 Dissultant
373 672 478 716 nexus
496 674 504 715 :
522 679 539 713 a
552 653 595 718 At
610 674 678 717 non
698 673 773 718 mea
795 647 948 732 vulnera,
969 644 1106 732 clamat,

145 791 150 806 ¹
168 773 236 863 (Et
252 769 347 839 trabe
365 767 513 837 baxinea
532 772 709 864 Capaneus
729 769 819 838 subit
837 765 998 861 obvius),
1017 787 1167 858 unquam

167 888 335 983 Effugies,
355 913 414 958 seu
433 901 470 957 tu
489 888 603 983 pavidi
620 888 710 958 ferus
727 888 838 958 incola
855 887 940 976 luci,

167 1010 246 1078 Sive
265 1010 363 1096 Deis,
385 1011 580 1104 utinamque
600 993 680 1079 Deis
700 1033 857 1079 concessa
877 1006 1031 1102 voluptas
1053 1034 1061 1075 ι

168 1131 268 1217 Non,
285 1132 312 1198 si
332 1145 523 1200 consertum
541 1155 643 1225 super
659 1131 730 1199 baec
750 1130 832 1198 mihi
855 1129 1002 1198 membra
1022 1130 1169 1223 Giganta

167 1249 416 1319 Subveheres.»
436 1249 538 1318 Volat
558 1249 653 1320 hasta
672 1265 834 1340 tremens,
854 1263 889 1318 et
907 1247 1034 1318 hiantia
1052 1247 1192 1316 monstri

168 1373 240 1438 Ora
259 1369 368 1459 subit,
386 1369 574 1465 linguaeque
594 1385 683 1439 secat
703 1369 774 1438 fera
794 1367 904 1438 vincla
924 1365 1093 1437 trisulcae:

84 1465 88 1474 ⁴
168 1493 299 1583 Perque
317 1490 415 1584 jubas
436 1505 577 1575 stantes,
596 1491 781 1584 capitisque
801 1490 930 1584 insigne
949 1489 1078 1558 corusci

170 1611 315 1694 Emicat,
337 1623 370 1678 et
392 1611 479 1705 nigri
500 1612 592 1679 sanie
611 1610 744 1706 perfusa
765 1611 892 1679 cerebri

170 1732 299 1824 Figitur
317 1729 385 1799 alta
403 1729 474 1799 solo
496 1757 504 1799 ε
525 1729 646 1826 longus
664 1731 719 1799 vix
738 1745 808 1799 tota
825 1731 954 1825 peregit

171 1851 324 1920 Membra
339 1849 451 1938 dolor,
468 1850 585 1945 rapido
601 1849 689 1920 celer
705 1849 760 1920 ille
776 1850 945 1921 volumine
961 1849 1063 1920 telum

170 1971 315 2060 Circuit,
333 1970 554 2064 avulsumque
570 1971 677 2041 ferens
695 1973 729 2040 in
746 1995 850 2065 opaca
868 1971 990 2067 refugit

171 2089 311 2184 Templa
326 2091 389 2160 Dei
407 2117 415 2158 ε
433 2090 488 2159 hic
504 2116 627 2186 magno
643 2090 797 2188 tellurem
813 2091 960 2187 pondere
981 2116 1112 2162 mensus

172 2209 411 2305 implorantem
430 2213 576 2280 animam
594 2211 739 2281 dominis
757 2211 905 2282 assibilat
922 2214 997 2282 aris.

97 2379 99 2384 ,
222 2330 323 2400 illum
338 2348 371 2402 et
387 2347 535 2428 cognatae
551 2349 668 2429 stagna
684 2332 895 2428 indignantia
910 2337 1045 2420 Iernae,

173 2450 326 2522 Floribus
344 2467 377 2522 et
394 2455 505 2522 vernis
524 2469 660 2524 assuetae
678 2479 835 2550 spargere
852 2453 1031 2548 Nympha,

172 2571 216 2640 Et
235 2575 377 2643 Nemees
395 2588 545 2670 reptatus
562 2599 660 2670 ager,
681 2574 839 2669 lucosque
857 2599 918 2670 per
938 2599 1051 2643 omnes

172 2690 354 2779 silvicolae,
375 2692 497 2780 fracta,
519 2696 707 2789 gemuistis,
728 2693 908 2781 arundine,
929 2695 1045 2762 Fauni.

221 2815 297 2908 lpse
313 2815 414 2882 etiam
428 2839 556 2883 summa
568 2815 638 2909 jam
654 2813 719 2884 tela
734 2829 932 2910 poposcerat
945 2813 1047 2888 aethra

171 2935 339 3027 luppiter,
359 2948 393 3003 et
411 2932 538 3004 dudum
558 2935 730 3029 nimbique
750 2935 940 3028 hiemesque
958 2933 1109 3017 coibant,

173 3055 217 3124 Ni
236 3056 348 3124 minor
368 3056 416 3124 ira
434 3059 525 3143 Deo,
549 3057 769 3150 gravioraque
785 3054 851 3124 tela
868 3055 988 3123 mereri

172 3176 328 3243 Servatus
345 3178 522 3268 Capaneus
540 3202 547 3242 :
567 3177 649 3244 moti
667 3189 779 3244 tamen
797 3198 878 3244 aura
896 3176 1043 3244 cucurrit

173 3292 352 3381 Fulminis,
373 3309 406 3362 et
423 3319 567 3364 summas
585 3294 701 3364 libavit
717 3297 842 3365 vertice
857 3296 982 3364 cristas.

220 3417 360 3507 Jamque
374 3416 552 3507 pererratis
569 3413 683 3485 infelix
699 3418 838 3484 Lemnia
853 3417 997 3510 campis,

173 3532 274 3600 Liber
288 3547 327 3601 ut
343 3557 453 3627 angue
467 3532 577 3620 locus,
594 3533 726 3604 modico
741 3559 842 3630 super
856 3557 977 3630 aggere
991 3533 1090 3628 longe

172 3650 300 3721 Pallida
313 3655 504 3747 sanguineis
519 3653 657 3724 infectas
671 3656 805 3726 roribus
820 3655 939 3725 herbas

173 3773 336 3866 Prospicit
357 3799 365 3841 ε
383 3772 450 3842 huc
469 3800 591 3870 magno
610 3801 746 3847 cursum
763 3777 853 3870 rapit
869 3775 971 3844 effera
990 3773 1100 3860 luctu,

176 3894 400 3988 Agnoscitque
416 3893 509 3964 nefas
527 3922 535 3965 :
554 3911 717 3990 terraeque
733 3896 818 3967 illisa
836 3899 969 3967 nocenti

173 4010 335 4082 Fulminis
351 4015 387 4082 in
404 4039 549 4104 morem,
567 4043 636 4087 non
654 4019 756 4088 verba
772 4021 807 4088 in
826 4017 943 4088 funere
959 4019 1088 4113 primo,

173 4135 251 4200 Non
269 4132 430 4227 lacrymas
447 4135 547 4235 habet
562 4164 570 4206 ε
586 4139 770 4234 ingeminat
786 4141 906 4209 misera
921 4135 1035 4207 oscula
1051 4148 1180 4203 tantum

276 4251 355 4322 u.
460 4349 463 4357 1
1035 4261 1057 4340 q'
