3094 5140
394 535 449 611 196
704 531 924 588 rnannnos
945 531 1060 588 unm
1080 532 1115 586 x.
1330 530 1366 594 (v.
1379 532 1449 594 ⁶⁸⁵-t

389 641 589 732 Conclamat
607 657 770 755 gaudens,
790 673 892 754 atque
912 657 1050 753 ignibus
1067 655 1184 752 implet
1201 658 1366 729 honestis.

437 786 581 876 Jamque
598 782 662 850 iter
674 779 716 850 ad
729 805 845 850 muros
861 805 964 850 cursu
981 779 1122 850 festinus
1138 777 1259 849 anhelo

389 904 548 991 Obtinet,
568 917 602 971 et
619 903 759 972 miseros
777 900 901 997 gaudet
917 903 1041 971 vitasse
1056 916 1226 997 parentes;

388 1026 505 1114 Quum
516 1025 666 1120 genitor,
676 1036 906 1117 steteruntque
916 1023 1034 1110 ambo,
1049 1037 1154 1092 etvox
1164 1023 1259 1094 haesit
1277 1026 1450 1117 utrimque

387 1147 605 1241 Dejectoeque
622 1169 730 1240 gente-5
750 1144 886 1214 tandem
905 1157 1003 1240 pater
1023 1159 1101 1213 ante
1120 1144 1275 1238 profatur
1294 1171 1302 1212 :

436 1269 552 1357 «Quis
571 1292 679 1337 novus
700 1267 842 1360 inceptis
859 1267 973 1361 rapuit
992 1280 1026 1335 te
1044 1289 1142 1334 casus
1161 1265 1205 1335 ab
1223 1267 1355 1335 armis?

387 1391 473 1479 Quae
489 1388 581 1460 bello
597 1389 755 1484 graviora
776 1387 896 1483 paras?
915 1387 986 1476 dic,
1004 1401 1102 1474 nate,
1119 1388 1294 1486 precanti,

386 1514 459 1582 Cur
477 1511 536 1604 tibi
556 1526 653 1581 torva
671 1509 779 1580 acies?
798 1535 859 1580 cur
876 1509 932 1578 hic
955 1508 1168 1578 truculentus
1188 1509 1223 1578 in
1240 1534 1300 1577 ore

387 1630 523 1702 Pallor?
537 1647 571 1702 et
588 1633 631 1703 ad
646 1632 774 1727 patrios
790 1657 858 1701 non
876 1645 966 1702 stant
983 1646 1041 1701 tua
1057 1630 1185 1700 lumina
1203 1628 1338 1699 vuitus?

386 1754 520 1825 Audisti
534 1777 710 1850 responsa,
725 1752 837 1848 palam
853 1765 905 1823 est
921 1779 929 1821 ε
949 1779 1086 1850 perego
1107 1779 1168 1824 oro
1185 1769 1352 1848 tuosque,

386 1875 492 1962 Nate,
514 1897 674 1968 meosque
688 1899 809 1963 annos,
829 1875 1028 1970 miseraeque
1046 1900 1107 1969 per
1123 1877 1229 1944 ubera
1246 1875 1386 1962 matris,

385 1995 439 2066 Ne
457 1997 545 2082 vati,
565 2021 607 2065 ne
628 1995 745 2081 crede,
766 2020 876 2090 puer:
897 1997 1062 2090 Superine
1076 1994 1257 2090 profanum

385 2103 583 2211 Dignantur
601 2115 776 2186 stimulare
794 2115 926 2186 senem?
943 2118 998 2186 cui
1014 2115 1128 2186 vultus
1148 2118 1273 2204 inanis,

385 2240 618 2333 Exstinctique
634 2239 751 2326 orbes,
770 2253 804 2308 et
822 2264 922 2334 poena
936 2236 1106 2308 simillima
1124 2236 1200 2308 diro

386 2359 603 2455 OEdipodae?
622 2358 705 2455 quid
724 2362 751 2430 si
772 2361 924 2449 insidiis,
945 2375 978 2430 et
999 2359 1118 2430 fraude
1135 2359 1248 2431 dolosa

385 2485 457 2550 Rex
474 2481 562 2577 agit?
580 2497 728 2552 extrema
750 2497 800 2554 est
816 2483 871 2551 cui
890 2495 1006 2551 nostra
1024 2485 1059 2550 in
1076 2495 1166 2552 sorte
1185 2484 1301 2552 timori

386 2600 572 2690 Nobilitas,
591 2617 717 2697 tuaque
735 2617 816 2673 ante
836 2603 939 2672 duces
957 2603 1130 2673 notissima
1149 2603 1280 2672 virtus?

383 2720 480 2794 Illius
498 2723 569 2793 haec
585 2722 699 2794 forsan
720 2749 852 2812 remur,
870 2748 946 2819 quae
965 2725 1068 2794 verba
1084 2727 1235 2794 Deorum

383 2843 446 2915 Ille
460 2861 574 2916 monet
592 2871 659 2915 :ne
681 2846 777 2916 frena
798 2849 913 2916 animo
925 2848 1082 2942 permitte
1099 2845 1221 2916 calenti
1243 2872 1252 2914 :

383 2970 438 3038 Da
457 2969 618 3063 spatium,
636 2983 842 3063 tenuemque
861 2993 1016 3040 moram:
1035 2967 1261 3039 malecuncta
1275 2972 1442 3042 ministrat
1536 2997 1537 3026 t

384 3089 537 3182 Impetus
555 3115 563 3158 ε
583 3089 668 3176 hoc,
686 3113 762 3176 oro,
780 3115 903 3160 munus
921 3088 1069 3160 concede
1085 3092 1228 3186 parenti.

384 3209 440 3278 Sic
459 3222 517 3278 tua
535 3211 677 3280 maturis
696 3211 876 3306 signentur
896 3225 1048 3306 tempora
1066 3212 1179 3300 canis,

383 3333 427 3400 Et
444 3332 489 3400 sis
506 3332 577 3426 ipse
594 3357 734 3426 parens,
754 3347 789 3402 et
805 3331 848 3402 ad
866 3334 977 3420 hunc,
994 3334 1169 3418 animose,
1190 3336 1351 3404 timorem

383 3451 563 3522 Pervenias
582 3479 591 3522 ε
612 3477 654 3523 ne
673 3477 886 3548 pergameas
905 3455 1026 3524 orbare
1044 3469 1191 3549 penates.

383 3573 523 3641 Externi
540 3588 575 3642 te
589 3597 713 3669 nempe
735 3589 865 3669 patres,
884 3573 1062 3669 alienaque
1078 3590 1225 3673 tangunt

383 3691 552 3786 Pignora?
569 3695 596 3764 si
614 3693 727 3790 pudor
744 3711 811 3785 est,
829 3699 977 3791 primum
994 3699 1154 3768 miserere
1173 3715 1322 3770 tuorum.

382 3813 461 3880 Haec
481 3814 608 3907 pietas,
630 3816 685 3886 hic
703 3841 803 3887 verus
823 3818 951 3906 honos,
972 3818 1018 3887 ibi
1035 3816 1142 3914 gloria
1162 3834 1295 3892 tantum

382 3935 641 4030 ventosumque
656 3935 775 4026 decus,
794 3938 950 4034 titulique
967 3941 1002 4010 in
1019 3957 1130 4012 morte
1146 3939 1299 4012 latentes.

381 4053 456 4125 Nec
471 4054 610 4127 timidus
626 4073 658 4127 te
675 4047 774 4129 flecto
790 4085 912 4155 parens
931 4088 939 4130 :
956 4063 987 4151 i,
1007 4063 1124 4158 proelia
1142 4067 1263 4151 misce,

383 4177 448 4244 Per
467 4179 603 4250 Danaas
622 4182 727 4272 acies,
747 4181 943 4278 mediosque
964 4207 1024 4280 per
1044 4185 1163 4255 obvius
1184 4185 1300 4278 enses;
