3192 5148
138 547 171 600 (v
190 546 247 597 utu)
483 532 678 590 savinum
698 533 807 592 LIBER
830 535 866 590 Il.

147 663 197 728 At
214 672 271 727 tua
287 680 420 726 securos
439 671 574 751 portus,
590 655 816 751 blandamque
834 657 978 751 quietem

147 778 297 846 Intravit
312 801 382 847 non
400 799 519 870 quassa
535 777 626 848 ratis.
646 778 700 847 Sic
714 801 833 872 perge;
852 799 1079 870 necunquam

148 899 335 968 Emeritam
356 895 392 965 in
411 909 542 966 nostras
562 920 712 991 puppem
732 883 862 964 dimitte
879 892 1052 989 procellas.

201 1017 313 1086 vivite
329 1015 453 1104 securi,
475 1041 619 1111 quorum
639 1016 682 1085 de
698 1029 834 1110 pectore
851 1016 975 1098 mixtae,

150 1141 192 1206 ln
213 1134 353 1232 longum
371 1141 481 1206 coiere
497 1136 598 1224 faces,
613 1149 813 1230 sanctusque
830 1134 959 1230 pudicae

151 1258 270 1326 Servat
286 1255 442 1326 amicitiae
455 1254 548 1351 leges
565 1281 669 1326 amor.
687 1257 738 1325 Ite
754 1281 815 1349 per
835 1279 941 1325 annos
1050 1259 1057 1272 '

151 1373 362 1470 Saeculaque,
381 1388 413 1444 et
433 1375 548 1471 priscae
566 1373 681 1445 titulos
700 1374 876 1470 praecedite
893 1374 998 1444 famae.

149 1500 292 1591 Tuque,
312 1520 417 1566 nurus
434 1496 522 1564 inter
537 1493 638 1590 longe
658 1493 903 1589 pulcherrima,
919 1496 1014 1590 cujus

152 1619 233 1688 Non
251 1615 397 1686 stentem
413 1628 543 1686 vertere
559 1615 673 1702 minae,
693 1613 752 1683 sed
770 1613 913 1683 candida
930 1639 1060 1710 semper

151 1734 305 1824 Gaudia,
321 1749 355 1805 et
377 1736 412 1805 in
432 1735 528 1806 vultu
543 1759 701 1804 curarum
719 1735 838 1829 ignara
857 1732 1036 1830 voluptas:

152 1857 234 1926 Non
252 1855 313 1924 tibi
329 1854 488 1950 sepositas
508 1852 623 1924 infelix
638 1849 825 1950 strangulat
843 1879 921 1924 arca
985 1897 991 1906 ·

152 1976 314 2063 Divitias,
332 1975 488 2070 avidique
504 1975 653 2045 animum
672 1974 847 2070 dispendia
863 1989 1021 2069 torquent

153 2097 306 2166 Foenoris
327 2122 335 2165 :
356 2096 497 2192 expositi
516 2121 648 2184 census,
668 2109 701 2164 et
718 2093 817 2164 docta
833 2094 966 2164 fruendi

153 2217 358 2313 Temperies.
376 2217 455 2288 Non
475 2215 544 2286 ulla
558 2220 632 2286 Deo
651 2214 789 2285 meliore
805 2214 972 2284 cohaerent

154 2341 312 2425 Pectora,
329 2336 496 2405 non'alias
514 2336 626 2406 decuit
646 2335 839 2406 Concordia
856 2347 995 2404 mentes.
