3200 5142
165 455 269 520 (aas.)
502 451 714 544 runnunos
735 451 844 508 uam
866 452 903 506 u.
1172 463 1225 520 roa

166 580 247 651 Illis
264 581 501 650 semianimum
519 602 638 672 pecus,
655 579 867 671 excussaque
885 572 1021 644 leonum

168 703 246 772 Ore
263 701 387 797 dapes,
409 715 443 770 et
460 699 545 770 laete
563 724 659 772 novo,
669 697 836 767 domuisse
853 720 1008 767 cruorem

168 825 292 893 Luxus
309 837 368 892 :at
385 822 507 917 Ogygii
525 822 553 889 si
573 818 708 913 quomo
728 817 853 889 afflavit
872 816 982 886 Iacchi

173 947 290 1013 Saevtn
310 943 405 1030 odor,
425 959 506 1012 trrnc
525 965 603 1012 saxa
620 966 742 1028 manu,
760 954 842 1009 tunc
858 936 980 1033 pocula
998 937 1174 1032 pulchrum

173 1067 359 1159 Spargere,
377 1077 411 1133 et
429 1063 598 1133 immerito
616 1060 784 1132 sociorum
803 1061 965 1155 sanguine
983 1058 1057 1128 suso

172 1186 367 1253 instaurare
384 1182 493 1271 diem,
512 1182 677 1278 festasque
694 1193 1016 1277 reponere‘mensas.

225 1304 299 1375 Nox
320 1329 375 1394 ea,
395 1329 500 1399 quum
518 1304 617 1373 tacita
634 1301 770 1372 volucer
786 1299 957 1396 Cyllenius
974 1323 1057 1369 aura

174 1426 278 1521 Regis
295 1426 449 1496 Echionii
468 1426 580 1495 stratis
598 1422 772 1520 adlapsus,
793 1423 851 1492 ubi
873 1423 990 1517 ingens

172 1545 322 1616 Fuderat
337 1546 479 1643 Assyriis
497 1559 666 1616 exstructa
684 1543 850 1639 tapetibus
866 1540 935 1612 alto

172 1665 330 1736 Membra
347 1681 422 1736 toro
441 1693 449 1736 :
470 1663 550 1762 pro!
570 1689 673 1762 gnara
690 1663 775 1734 nihil
794 1661 949 1732 mortalia
963 1661 1023 1732 fati

172 1775 286 1857 Corda
301 1783 371 1858 sui!
390 1788 482 1881 capit
495 1785 551 1860 ille
571 1784 691 1882 dapes,
708 1784 812 1855 habet
829 1783 886 1854 ille
902 1807 1071 1879 soporem.

222 1909 320 1978 Tunc
337 1908 448 1976 senior
462 1931 536 2001 quae
549 1908 662 2002 jussus
678 1907 766 2001 agit,
785 1929 852 1974 nau
871 1902 952 1975 salsa
971 1903 1076 1973 videri

171 2027 291 2097 Noctis
307 2028 419 2124 imago
434 2043 553 2123 queat,
571 2025 714 2123 longaevi
733 2028 819 2095 vatis
839 2019 962 2121 opacos
1036 2101 1038 2106 ,

171 2147 308 2218 Tiresia
327 2147 460 2235 vultus,
479 2173 680 2243 vocemque,
698 2163 732 2218 et
752 2145 879 2216 vellera
893 2161 974 2216 nota

170 2265 347 2356 Induitur;
365 2293 516 2338 mansere
535 2293 656 2359 comae,
677 2291 894 2364 propexaque
916 2282 1029 2337 mento

171 2388 336 2477 Canities,
357 2387 532 2484 pallorque
548 2414 646 2488 suus3
664 2387 722 2458 sed
742 2387 824 2459 falsa
842 2390 992 2458 cucurrit

171 2507 284 2578 Insula
301 2533 362 2604 per
379 2511 505 2600 crines,
525 2509 718 2606 glaucaque
737 2511 880 2579 innexus
898 2507 994 2579 olivae

171 2629 342 2699 vittarum
363 2633 517 2726 provenit
536 2631 662 2718 honos;
685 2629 808 2700 dehinc
828 2644 966 2725 tangere
982 2654 1076 2712 ramo

171 2751 329 2840 Pectora,
347 2767 381 2821 et
398 2751 459 2821 has
482 2753 572 2821 risus
586 2754 747 2822 Fatorum
764 2775 964 2848 expromere
980 2745 1098 2819 voces:

221 2872 328 2942 «Non
345 2873 454 2942 somni
473 2874 534 2942 tibi
555 2887 688 2969 tempus
707 2875 811 2960 iners,
831 2874 890 2967 qui
909 2885 1008 2942 nocte
1025 2871 1088 2940 sub
1105 2868 1173 2940 altu

170 2993 333 3061 Germani
352 3017 469 3062 secure
483 2995 573 3088 jaces
587 3020 595 3064 :
609 2995 759 3090 ingentia
775 2991 902 3064 dudum
924 3009 926 3014 ’

170 3113 256 3181 Acta
270 3128 410 3199 vocant,
430 3137 613 3210 rerumque
632 3137 768 3210 graves,
785 3115 922 3208 ignave,
940 3128 1086 3209 paratus.

170 3235 223 3301 Tu
240 3230 363 3320 veluti,
381 3257 541 3330 magnum
559 3235 586 3305 si
601 3235 672 3329 jum
688 3232 884 3305 tollentibus
903 3236 1035 3304 Austris

170 3353 306 3423 Ionium
323 3355 420 3450 nigra
435 3356 545 3450 jaceat
562 3355 625 3426 sub
642 3356 732 3425 nube
752 3357 925 3452 magister,

169 3475 354 3544 Immemor
371 3499 563 3561 armorum,
579 3479 808 3574 versantisque
825 3502 959 3572 aequora
977 3478 1078 3567 clavi,

168 3597 363 3686 Cunctaris3
377 3597 516 3692 jamque
534 3595 591 3669 ille
610 3601 724 3686 novis,
742 3601 804 3669 scit
821 3599 929 3686 fama,
947 3599 1111 3693 superbus

168 3714 371 3805 Connubiis,
386 3717 541 3812 viresque
558 3733 670 3814 parat,
690 3719 765 3814 quis
783 3744 886 3816 regna
904 3735 1071 3814 capessat,

168 3834 257 3926 Quis
273 3849 396 3932 neget:
415 3839 517 3932 inque
532 3863 592 3908 sua
607 3842 738 3910 senium
754 3842 818 3911 sibi
836 3841 980 3911 destinat
996 3840 1082 3913 aula.

166 3959 261 4027 Dant
280 3958 410 4028 animos
430 3983 525 4028 socer
541 3962 683 4056 augurio
701 3960 807 4031 fatalis
827 3961 1000 4051 Adrastus,

167 4076 373 4173 Dotalesque
390 4081 470 4176 Argi
492 4107 500 4150 ε
519 4106 580 4152 nec
600 4107 669 4153 non
689 4085 724 4152 in
744 4083 868 4153 foedera
887 4085 962 4156 vitre
