<?xml version="1.0" encoding="UTF-8"?>
<!DOCTYPE html PUBLIC "-//W3C//DTD XHTML 1.0 Transitional//EN"
    "http://www.w3.org/TR/xhtml1/DTD/xhtml1-transitional.dtd">
<html xmlns="http://www.w3.org/1999/xhtml" xml:lang="en" lang="en">
 <head>
  <title>
</title>
<meta http-equiv="Content-Type" content="text/html;charset=utf-8" />
  <meta name='ocr-system' content='tesseract 3.04.00' />
  <meta name='ocr-capabilities' content='ocr_page ocr_carea ocr_par ocr_line ocrx_word'/>
</head>
<body>
  <div class='ocr_page' id='page_1' title='image "./operaquaeextant00dbgoog_0545.png"; bbox 0 0 3094 5140; ppageno 0'>
   <div class='ocr_carea' id='block_1_1' title="bbox 383 475 1433 706">
    <p class='ocr_par' dir='ltr' id='par_1_1' title="bbox 383 475 1433 706">
     <span class='ocr_line' id='line_1_1' title="bbox 386 475 1433 549; baseline -0.008 -8"><span class='ocrx_word' id='word_1_1' title='bbox 386 482 442 541; x_wconf 68' lang='lat' dir='ltr'>soa</span> <span class='ocrx_word' id='word_1_2' title='bbox 702 475 917 536; x_wconf 79' lang='lat' dir='ltr'>renuamus</span> <span class='ocrx_word' id='word_1_3' title='bbox 937 477 1047 536; x_wconf 81' lang='lat' dir='ltr'>unua</span> <span class='ocrx_word' id='word_1_4' title='bbox 1069 479 1124 535; x_wconf 81' lang='lat' dir='ltr'>xi.</span> <span class='ocrx_word' id='word_1_5' title='bbox 1348 483 1433 549; x_wconf 59' lang='lat' dir='ltr'>(ms.)</span> 
     </span>
     <span class='ocr_line' id='line_1_2' title="bbox 383 604 1279 706; baseline -0.007 -23"><span class='ocrx_word' id='word_1_6' title='bbox 383 616 459 706; x_wconf 88' lang='lat' dir='ltr'>Ipse</span> <span class='ocrx_word' id='word_1_7' title='bbox 475 609 584 704; x_wconf 83' lang='lat' dir='ltr'>sequi,</span> <span class='ocrx_word' id='word_1_8' title='bbox 601 619 635 676; x_wconf 85' lang='lat' dir='ltr'>et</span> <span class='ocrx_word' id='word_1_9' title='bbox 648 604 800 701; x_wconf 82' lang='lat' dir='ltr'>profugis</span> <span class='ocrx_word' id='word_1_10' title='bbox 815 629 988 700; x_wconf 87' lang='lat' dir='ltr'>opponere</span> <span class='ocrx_word' id='word_1_11' title='bbox 1002 607 1158 701; x_wconf 78' lang='lat' dir='ltr'>luppiter</span> <span class='ocrx_word' id='word_1_12' title='bbox 1174 608 1279 702; x_wconf 85' lang='lat' dir='ltr'>ignes.</span> 
     </span>
    </p>
   </div>
   <div class='ocr_carea' id='block_1_2' title="bbox 282 724 1255 944">
    <p class='ocr_par' dir='ltr' id='par_1_2' title="bbox 282 724 1255 944">
     <span class='ocr_line' id='line_1_3' title="bbox 282 724 1169 828; baseline -0.008 -24"><span class='ocrx_word' id='word_1_13' title='bbox 282 816 285 828; x_wconf 30' lang='grc' dir='ltr'>Ι</span> <span class='ocrx_word' id='word_1_14' title='bbox 384 738 494 824; x_wconf 85' lang='lat' dir='ltr'>Instat</span> <span class='ocrx_word' id='word_1_15' title='bbox 513 734 709 826; x_wconf 75' lang='lat' dir='ltr'>Agenoreus</span> <span class='ocrx_word' id='word_1_16' title='bbox 727 725 839 808; x_wconf 82' lang='lat' dir='ltr'>miles,</span> <span class='ocrx_word' id='word_1_17' title='bbox 858 724 1002 820; x_wconf 88' lang='lat' dir='ltr'>eoelique</span> <span class='ocrx_word' id='word_1_18' title='bbox 1022 725 1169 797; x_wconf 83' lang='lat' dir='ltr'>tumultu</span> 
     </span>
     <span class='ocr_line' id='line_1_4' title="bbox 382 846 1255 944; baseline -0.005 -20"><span class='ocrx_word' id='word_1_19' title='bbox 382 855 524 924; x_wconf 85' lang='lat' dir='ltr'>Utitur:</span> <span class='ocrx_word' id='word_1_20' title='bbox 545 849 727 924; x_wconf 88' lang='lat' dir='ltr'>indomitos</span> <span class='ocrx_word' id='word_1_21' title='bbox 748 865 787 920; x_wconf 90' lang='lat' dir='ltr'>ut</span> <span class='ocrx_word' id='word_1_22' title='bbox 805 873 910 943; x_wconf 86' lang='lat' dir='ltr'>quum</span> <span class='ocrx_word' id='word_1_23' title='bbox 931 846 1079 944; x_wconf 83' lang='lat' dir='ltr'>Massyla</span> <span class='ocrx_word' id='word_1_24' title='bbox 1096 873 1158 944; x_wconf 88' lang='lat' dir='ltr'>per</span> <span class='ocrx_word' id='word_1_25' title='bbox 1175 873 1255 922; x_wconf 82' lang='lat' dir='ltr'>srva</span> 
     </span>
    </p>
   </div>
   <div class='ocr_carea' id='block_1_3' title="bbox 370 967 1430 1555">
    <p class='ocr_par' dir='ltr' id='par_1_3' title="bbox 370 967 1430 1555">
     <span class='ocr_line' id='line_1_5' title="bbox 384 967 1123 1068; baseline -0.012 -21"><span class='ocrx_word' id='word_1_26' title='bbox 384 973 537 1047; x_wconf 83' lang='lat' dir='ltr'>Armenti</span> <span class='ocrx_word' id='word_1_27' title='bbox 557 997 655 1068; x_wconf 85' lang='lat' dir='ltr'>reges</span> <span class='ocrx_word' id='word_1_28' title='bbox 672 995 797 1064; x_wconf 83' lang='lat' dir='ltr'>magno</span> <span class='ocrx_word' id='word_1_29' title='bbox 815 968 868 1040; x_wconf 88' lang='lat' dir='ltr'>leo</span> <span class='ocrx_word' id='word_1_30' title='bbox 889 967 989 1064; x_wconf 81' lang='lat' dir='ltr'>fregit</span> <span class='ocrx_word' id='word_1_31' title='bbox 1008 970 1123 1054; x_wconf 89' lang='lat' dir='ltr'>hiatu,</span> 
     </span>
     <span class='ocr_line' id='line_1_6' title="bbox 381 1093 1226 1182; baseline -0.007 -12"><span class='ocrx_word' id='word_1_32' title='bbox 381 1101 426 1170; x_wconf 88' lang='lat' dir='ltr'>Et</span> <span class='ocrx_word' id='word_1_33' title='bbox 442 1111 620 1169; x_wconf 83' lang='lat' dir='ltr'>contentus</span> <span class='ocrx_word' id='word_1_34' title='bbox 637 1095 708 1163; x_wconf 90' lang='lat' dir='ltr'>abit</span> <span class='ocrx_word' id='word_1_35' title='bbox 725 1119 734 1162; x_wconf 77' lang='grc' dir='ltr'><strong><em>ε</em></strong></span> <span class='ocrx_word' id='word_1_36' title='bbox 756 1093 850 1162; x_wconf 88' lang='lat' dir='ltr'>rauci</span> <span class='ocrx_word' id='word_1_37' title='bbox 868 1107 950 1162; x_wconf 87' lang='lat' dir='ltr'>tunc</span> <span class='ocrx_word' id='word_1_38' title='bbox 969 1094 1122 1163; x_wconf 86' lang='lat' dir='ltr'>cominus</span> <span class='ocrx_word' id='word_1_39' title='bbox 1139 1097 1226 1182; x_wconf 87' lang='lat' dir='ltr'>ursi,</span> 
     </span>
     <span class='ocr_line' id='line_1_7' title="bbox 380 1212 1174 1308; baseline -0.006 -19"><span class='ocrx_word' id='word_1_40' title='bbox 380 1223 476 1289; x_wconf 89' lang='lat' dir='ltr'>Tunc</span> <span class='ocrx_word' id='word_1_41' title='bbox 493 1216 584 1286; x_wconf 88' lang='lat' dir='ltr'>avidi</span> <span class='ocrx_word' id='word_1_42' title='bbox 604 1238 729 1284; x_wconf 88' lang='lat' dir='ltr'>venere</span> <span class='ocrx_word' id='word_1_43' title='bbox 748 1212 837 1307; x_wconf 84' lang='lat' dir='ltr'>lupi,</span> <span class='ocrx_word' id='word_1_44' title='bbox 857 1213 1016 1308; x_wconf 80' lang='lat' dir='ltr'>rabieque</span> <span class='ocrx_word' id='word_1_45' title='bbox 1034 1215 1174 1284; x_wconf 88' lang='lat' dir='ltr'>remissa</span> 
     </span>
     <span class='ocr_line' id='line_1_8' title="bbox 370 1331 1197 1434; baseline -0.007 -22"><span class='ocrx_word' id='word_1_46' title='bbox 370 1335 552 1412; x_wconf 78' lang='lat' dir='ltr'>¹lambunt</span> <span class='ocrx_word' id='word_1_47' title='bbox 569 1335 752 1434; x_wconf 80' lang='lat' dir='ltr'>degeneres</span> <span class='ocrx_word' id='word_1_48' title='bbox 772 1331 889 1407; x_wconf 79' lang='lat' dir='ltr'>aliene</span> <span class='ocrx_word' id='word_1_49' title='bbox 908 1331 1048 1406; x_wconf 77' lang='lat' dir='ltr'>vulnera</span> <span class='ocrx_word' id='word_1_50' title='bbox 1066 1335 1197 1429; x_wconf 79' lang='lat' dir='ltr'>prmdae.</span> 
     </span>
     <span class='ocr_line' id='line_1_9' title="bbox 429 1445 1430 1555; baseline 0.001 -23"><span class='ocrx_word' id='word_1_51' title='bbox 429 1463 518 1532; x_wconf 85' lang='lat' dir='ltr'>Hinc</span> <span class='ocrx_word' id='word_1_52' title='bbox 528 1459 651 1555; x_wconf 84' lang='lat' dir='ltr'>premit</span> <span class='ocrx_word' id='word_1_53' title='bbox 659 1445 892 1550; x_wconf 81' lang='lat' dir='ltr'>Eurymedon,</span> <span class='ocrx_word' id='word_1_54' title='bbox 905 1457 961 1528; x_wconf 86' lang='lat' dir='ltr'>oui</span> <span class='ocrx_word' id='word_1_55' title='bbox 974 1459 1121 1530; x_wconf 85' lang='lat' dir='ltr'>rusticus</span> <span class='ocrx_word' id='word_1_56' title='bbox 1131 1461 1254 1532; x_wconf 81' lang='lat' dir='ltr'>bor-ror</span> <span class='ocrx_word' id='word_1_57' title='bbox 1267 1463 1304 1532; x_wconf 86' lang='lat' dir='ltr'>in</span> <span class='ocrx_word' id='word_1_58' title='bbox 1317 1467 1430 1552; x_wconf 76' lang='lat' dir='ltr'>armis,</span> 
     </span>
    </p>
   </div>
   <div class='ocr_carea' id='block_1_4' title="bbox 379 1579 1341 1923">
    <p class='ocr_par' dir='ltr' id='par_1_4' title="bbox 379 1579 1341 1923">
     <span class='ocr_line' id='line_1_10' title="bbox 379 1579 1341 1674; baseline -0.004 -17"><span class='ocrx_word' id='word_1_59' title='bbox 379 1587 519 1658; x_wconf 84' lang='lat' dir='ltr'>Rustica</span> <span class='ocrx_word' id='word_1_60' title='bbox 536 1580 742 1664; x_wconf 75' lang='lat' dir='ltr'>telamone,</span> <span class='ocrx_word' id='word_1_61' title='bbox 762 1579 976 1674; x_wconf 66' lang='lat' dir='ltr'>patriumque</span> <span class='ocrx_word' id='word_1_62' title='bbox 997 1579 1125 1674; x_wconf 73' lang='lat' dir='ltr'>agitare</span> <span class='ocrx_word' id='word_1_63' title='bbox 1146 1581 1341 1671; x_wconf 80' lang='lat' dir='ltr'>tumultum.</span> 
     </span>
     <span class='ocr_line' id='line_1_11' title="bbox 379 1699 1227 1800; baseline -0.006 -23"><span class='ocrx_word' id='word_1_64' title='bbox 379 1710 449 1777; x_wconf 87' lang='lat' dir='ltr'>Pan</span> <span class='ocrx_word' id='word_1_65' title='bbox 465 1703 514 1775; x_wconf 89' lang='lat' dir='ltr'>illi</span> <span class='ocrx_word' id='word_1_66' title='bbox 534 1705 689 1800; x_wconf 86' lang='lat' dir='ltr'>genitor:</span> <span class='ocrx_word' id='word_1_67' title='bbox 712 1715 808 1772; x_wconf 79' lang='lat' dir='ltr'>tener</span> <span class='ocrx_word' id='word_1_68' title='bbox 827 1699 908 1772; x_wconf 86' lang='lat' dir='ltr'>hinc</span> <span class='ocrx_word' id='word_1_69' title='bbox 925 1701 1104 1774; x_wconf 86' lang='lat' dir='ltr'>conatibus</span> <span class='ocrx_word' id='word_1_70' title='bbox 1121 1727 1227 1774; x_wconf 86' lang='lat' dir='ltr'>annos</span> 
     </span>
     <span class='ocr_line' id='line_1_12' title="bbox 379 1823 1340 1923; baseline -0.001 -25"><span class='ocrx_word' id='word_1_71' title='bbox 379 1827 573 1923; x_wconf 81' lang='lat' dir='ltr'>Egreditur,</span> <span class='ocrx_word' id='word_1_72' title='bbox 583 1824 808 1919; x_wconf 80' lang='lat' dir='ltr'>juvenemque</span> <span class='ocrx_word' id='word_1_73' title='bbox 817 1836 946 1917; x_wconf 88' lang='lat' dir='ltr'>patrem</span> <span class='ocrx_word' id='word_1_74' title='bbox 959 1845 1045 1918; x_wconf 87' lang='lat' dir='ltr'>puer</span> <span class='ocrx_word' id='word_1_75' title='bbox 1052 1839 1162 1916; x_wconf 74' lang='lat' dir='ltr'>equas</span> <span class='ocrx_word' id='word_1_76' title='bbox 1172 1823 1340 1897; x_wconf 77' lang='lat' dir='ltr'>Alatreus.</span> 
     </span>
    </p>
   </div>
   <div class='ocr_carea' id='block_1_5' title="bbox 251 1943 1025 2034">
    <p class='ocr_par' dir='ltr' id='par_1_5' title="bbox 251 1943 1025 2034">
     <span class='ocr_line' id='line_1_13' title="bbox 251 1943 1025 2034; baseline -0.003 -16"><span class='ocrx_word' id='word_1_77' title='bbox 251 2007 255 2018; x_wconf 92' lang='lat'>.</span> <span class='ocrx_word' id='word_1_78' title='bbox 379 1948 504 2020; x_wconf 82' lang='lat' dir='ltr'><strong>Felices</strong></span> <span class='ocrx_word' id='word_1_79' title='bbox 522 1947 640 2034; x_wconf 85' lang='lat' dir='ltr'>ambo3</span> <span class='ocrx_word' id='word_1_80' title='bbox 659 1945 718 2016; x_wconf 88' lang='lat' dir='ltr'>sed</span> <span class='ocrx_word' id='word_1_81' title='bbox 731 1943 937 2016; x_wconf 78' lang='lat' dir='ltr'>fortunatior</span> <span class='ocrx_word' id='word_1_82' title='bbox 953 1943 1025 2033; x_wconf 88' lang='lat' dir='ltr'>ille,</span> 
     </span>
    </p>
   </div>
   <div class='ocr_carea' id='block_1_6' title="bbox 315 2067 1367 4226">
    <p class='ocr_par' dir='ltr' id='par_1_6' title="bbox 324 2067 1351 2407">
     <span class='ocr_line' id='line_1_14' title="bbox 382 2067 1351 2168; baseline 0.001 -27"><span class='ocrx_word' id='word_1_83' title='bbox 382 2073 495 2162; x_wconf 84' lang='lat' dir='ltr'>Quem</span> <span class='ocrx_word' id='word_1_84' title='bbox 505 2071 660 2168; x_wconf 77' lang='lat' dir='ltr'>genuisse</span> <span class='ocrx_word' id='word_1_85' title='bbox 666 2069 783 2164; x_wconf 79' lang='lat' dir='ltr'>juvats</span> <span class='ocrx_word' id='word_1_86' title='bbox 797 2092 859 2138; x_wconf 89' lang='lat' dir='ltr'>nec</span> <span class='ocrx_word' id='word_1_87' title='bbox 870 2069 939 2163; x_wconf 81' lang='lat' dir='ltr'>jam</span> <span class='ocrx_word' id='word_1_88' title='bbox 954 2067 1152 2164; x_wconf 73' lang='lat' dir='ltr'>dignoscere</span> <span class='ocrx_word' id='word_1_89' title='bbox 1160 2091 1351 2166; x_wconf 79' lang='lat' dir='ltr'>promtum,</span> 
     </span>
     <span class='ocr_line' id='line_1_15' title="bbox 324 2187 1326 2288; baseline 0.003 -26"><span class='ocrx_word' id='word_1_90' title='bbox 324 2187 327 2192; x_wconf 72' lang='grc'><strong>’</strong></span> <span class='ocrx_word' id='word_1_91' title='bbox 379 2195 466 2284; x_wconf 73' lang='lat' dir='ltr'>Quas</span> <span class='ocrx_word' id='word_1_92' title='bbox 476 2191 584 2288; x_wconf 83' lang='lat' dir='ltr'>magis</span> <span class='ocrx_word' id='word_1_93' title='bbox 595 2210 690 2260; x_wconf 84' lang='lat' dir='ltr'>arms</span> <span class='ocrx_word' id='word_1_94' title='bbox 701 2204 838 2280; x_wconf 83' lang='lat' dir='ltr'>sonent,</span> <span class='ocrx_word' id='word_1_95' title='bbox 851 2215 920 2284; x_wconf 92' lang='lat' dir='ltr'>quo</span> <span class='ocrx_word' id='word_1_96' title='bbox 929 2189 1006 2286; x_wconf 83' lang='lat' dir='ltr'>plus</span> <span class='ocrx_word' id='word_1_97' title='bbox 1016 2193 1178 2262; x_wconf 75' lang='lat' dir='ltr'>cathasta</span> <span class='ocrx_word' id='word_1_98' title='bbox 1190 2192 1326 2265; x_wconf 85' lang='lat' dir='ltr'>lsoerto.</span> 
     </span>
     <span class='ocr_line' id='line_1_16' title="bbox 379 2311 1193 2407; baseline 0.001 -24"><span class='ocrx_word' id='word_1_99' title='bbox 379 2318 539 2384; x_wconf 77' lang='lat' dir='ltr'>Arctatus</span> <span class='ocrx_word' id='word_1_100' title='bbox 558 2313 662 2383; x_wconf 88' lang='lat' dir='ltr'>denso</span> <span class='ocrx_word' id='word_1_101' title='bbox 678 2311 867 2407; x_wconf 74' lang='lat' dir='ltr'>fugientum</span> <span class='ocrx_word' id='word_1_102' title='bbox 885 2312 1037 2382; x_wconf 68' lang='lat' dir='ltr'>namins</span> <span class='ocrx_word' id='word_1_103' title='bbox 1058 2311 1193 2384; x_wconf 82' lang='lat' dir='ltr'>sallum.</span> 
     </span>
    </p>

    <p class='ocr_par' dir='ltr' id='par_1_7' title="bbox 379 2427 1367 3015">
     <span class='ocr_line' id='line_1_17' title="bbox 428 2427 1367 2523; baseline 0.001 -19"><span class='ocrx_word' id='word_1_104' title='bbox 428 2434 523 2523; x_wconf 86' lang='lat' dir='ltr'>Quas</span> <span class='ocrx_word' id='word_1_105' title='bbox 538 2427 664 2519; x_wconf 86' lang='lat' dir='ltr'>volvis,</span> <span class='ocrx_word' id='word_1_106' title='bbox 682 2429 846 2516; x_wconf 74' lang='lat' dir='ltr'>undtvs,</span> <span class='ocrx_word' id='word_1_107' title='bbox 862 2431 972 2502; x_wconf 78' lang='lat' dir='ltr'>riossl</span> <span class='ocrx_word' id='word_1_108' title='bbox 988 2430 1090 2503; x_wconf 86' lang='lat' dir='ltr'>modo</span> <span class='ocrx_word' id='word_1_109' title='bbox 1109 2437 1230 2504; x_wconf 79' lang='lat' dir='ltr'>sumnia</span> <span class='ocrx_word' id='word_1_110' title='bbox 1248 2435 1367 2508; x_wconf 82' lang='lat' dir='ltr'>Cadmi</span> 
     </span>
     <span class='ocr_line' id='line_1_18' title="bbox 379 2553 1261 2651; baseline 0.002 -28"><span class='ocrx_word' id='word_1_111' title='bbox 379 2553 605 2644; x_wconf 82' lang='lat' dir='ltr'>scandebant,</span> <span class='ocrx_word' id='word_1_112' title='bbox 627 2573 687 2624; x_wconf 81' lang='lat' dir='ltr'>sus</span> <span class='ocrx_word' id='word_1_113' title='bbox 706 2553 1000 2624; x_wconf 77' lang='lat' dir='ltr'>nunc-delendum</span> <span class='ocrx_word' id='word_1_114' title='bbox 1017 2563 1106 2624; x_wconf 76' lang='lat' dir='ltr'>seen</span> <span class='ocrx_word' id='word_1_115' title='bbox 1121 2554 1261 2651; x_wconf 81' lang='lat' dir='ltr'>Pelasgi.</span> 
     </span>
     <span class='ocr_line' id='line_1_19' title="bbox 379 2674 1290 2782; baseline 0.003 -37"><span class='ocrx_word' id='word_1_116' title='bbox 379 2679 451 2746; x_wconf 84' lang='lat' dir='ltr'>Ceu</span> <span class='ocrx_word' id='word_1_117' title='bbox 469 2676 612 2747; x_wconf 86' lang='lat' dir='ltr'>redeunt</span> <span class='ocrx_word' id='word_1_118' title='bbox 626 2675 750 2782; x_wconf 76' lang='lat' dir='ltr'>nubes,</span> <span class='ocrx_word' id='word_1_119' title='bbox 769 2699 833 2746; x_wconf 82' lang='lat' dir='ltr'>usu</span> <span class='ocrx_word' id='word_1_120' title='bbox 851 2674 1141 2746; x_wconf 80' lang='lat' dir='ltr'>oimumfluntibus</span> <span class='ocrx_word' id='word_1_121' title='bbox 1158 2679 1290 2753; x_wconf 79' lang='lat' dir='ltr'>Austris</span> 
     </span>
     <span class='ocr_line' id='line_1_20' title="bbox 380 2773 1190 2894; baseline 0 -26"><span class='ocrx_word' id='word_1_122' title='bbox 380 2773 539 2869; x_wconf 81' lang='lat' dir='ltr'>Alternus</span> <span class='ocrx_word' id='word_1_123' title='bbox 556 2797 751 2894; x_wconf 79' lang='lat' dir='ltr'>procumbit</span> <span class='ocrx_word' id='word_1_124' title='bbox 765 2821 858 2893; x_wconf 73' lang='lat' dir='ltr'>agm,</span> <span class='ocrx_word' id='word_1_125' title='bbox 877 2822 940 2868; x_wconf 77' lang='lat' dir='ltr'>osu</span> <span class='ocrx_word' id='word_1_126' title='bbox 956 2797 1089 2892; x_wconf 82' lang='lat' dir='ltr'>gurgite</span> <span class='ocrx_word' id='word_1_127' title='bbox 1104 2821 1190 2868; x_wconf 81' lang='lat' dir='ltr'>cono</span> 
     </span>
     <span class='ocr_line' id='line_1_21' title="bbox 381 2918 1275 3015; baseline 0 -27"><span class='ocrx_word' id='word_1_128' title='bbox 381 2919 483 2989; x_wconf 88' lang='lat' dir='ltr'>Nunc</span> <span class='ocrx_word' id='word_1_129' title='bbox 501 2919 621 3015; x_wconf 84' lang='lat' dir='ltr'>retegit</span> <span class='ocrx_word' id='word_1_130' title='bbox 633 2918 785 3008; x_wconf 74' lang='lat' dir='ltr'>bibulus,</span> <span class='ocrx_word' id='word_1_131' title='bbox 798 2943 890 2988; x_wconf 80' lang='lat' dir='ltr'>nuno</span> <span class='ocrx_word' id='word_1_132' title='bbox 903 2919 1017 2988; x_wconf 84' lang='lat' dir='ltr'>obruit</span> <span class='ocrx_word' id='word_1_133' title='bbox 1031 2932 1131 2988; x_wconf 75' lang='lat' dir='ltr'>matus</span> <span class='ocrx_word' id='word_1_134' title='bbox 1148 2943 1275 2990; x_wconf 71' lang='lat' dir='ltr'>omum.</span> 
     </span>
    </p>

    <p class='ocr_par' dir='ltr' id='par_1_8' title="bbox 315 3039 1224 3382">
     <span class='ocr_line' id='line_1_22' title="bbox 428 3039 1196 3137; baseline 0.003 -27"><span class='ocrx_word' id='word_1_135' title='bbox 428 3041 629 3112; x_wconf 86' lang='lat' dir='ltr'>Procumbit</span> <span class='ocrx_word' id='word_1_136' title='bbox 648 3040 715 3112; x_wconf 76' lang='lat' dir='ltr'>lete</span> <span class='ocrx_word' id='word_1_137' title='bbox 730 3041 837 3137; x_wconf 82' lang='lat' dir='ltr'>pubes</span> <span class='ocrx_word' id='word_1_138' title='bbox 854 3040 1049 3136; x_wconf 77' lang='lat' dir='ltr'>Tirynthia,</span> <span class='ocrx_word' id='word_1_139' title='bbox 1067 3039 1196 3112; x_wconf 81' lang='lat' dir='ltr'>alumni</span> 
     </span>
     <span class='ocr_line' id='line_1_23' title="bbox 379 3162 1171 3238; baseline 0.003 -6"><span class='ocrx_word' id='word_1_140' title='bbox 379 3163 526 3232; x_wconf 82' lang='lat' dir='ltr'>Exuvias</span> <span class='ocrx_word' id='word_1_141' title='bbox 544 3162 674 3232; x_wconf 87' lang='lat' dir='ltr'>imitata</span> <span class='ocrx_word' id='word_1_142' title='bbox 691 3162 757 3232; x_wconf 83' lang='lat' dir='ltr'>Dei</span> <span class='ocrx_word' id='word_1_143' title='bbox 777 3187 785 3231; x_wconf 74' lang='grc' dir='ltr'><strong>ι</strong></span> <span class='ocrx_word' id='word_1_144' title='bbox 808 3175 886 3231; x_wconf 84' lang='lat' dir='ltr'>trux</span> <span class='ocrx_word' id='word_1_145' title='bbox 905 3177 1024 3238; x_wconf 77' lang='lat' dir='ltr'>noeret</span> <span class='ocrx_word' id='word_1_146' title='bbox 1042 3163 1085 3234; x_wconf 80' lang='lat' dir='ltr'>ab</span> <span class='ocrx_word' id='word_1_147' title='bbox 1101 3162 1171 3234; x_wconf 88' lang='lat' dir='ltr'>alto</span> 
     </span>
     <span class='ocr_line' id='line_1_24' title="bbox 315 3282 1224 3382; baseline 0.004 -31"><span class='ocrx_word' id='word_1_148' title='bbox 315 3328 317 3336; x_wconf 69' lang='lat'><em>,</em></span> <span class='ocrx_word' id='word_1_149' title='bbox 379 3282 700 3378; x_wconf 75' lang='lat' dir='ltr'>Amphitryoniades</span> <span class='ocrx_word' id='word_1_150' title='bbox 714 3285 869 3354; x_wconf 81' lang='lat' dir='ltr'>Nemeseo</span> <span class='ocrx_word' id='word_1_151' title='bbox 885 3283 920 3353; x_wconf 88' lang='lat' dir='ltr'>in</span> <span class='ocrx_word' id='word_1_152' title='bbox 939 3286 1103 3380; x_wconf 80' lang='lat' dir='ltr'>sanguine</span> <span class='ocrx_word' id='word_1_153' title='bbox 1115 3301 1224 3382; x_wconf 81' lang='lat' dir='ltr'>terga,</span> 
     </span>
    </p>

    <p class='ocr_par' dir='ltr' id='par_1_9' title="bbox 377 3402 1247 3744">
     <span class='ocr_line' id='line_1_25' title="bbox 379 3402 1247 3500; baseline -0.002 -24"><span class='ocrx_word' id='word_1_154' title='bbox 379 3407 424 3476; x_wconf 88' lang='lat' dir='ltr'>Et</span> <span class='ocrx_word' id='word_1_155' title='bbox 441 3402 564 3474; x_wconf 85' lang='lat' dir='ltr'>similes</span> <span class='ocrx_word' id='word_1_156' title='bbox 578 3427 706 3494; x_wconf 74' lang='lat' dir='ltr'>muros,</span> <span class='ocrx_word' id='word_1_157' title='bbox 725 3403 918 3498; x_wconf 80' lang='lat' dir='ltr'>similesque</span> <span class='ocrx_word' id='word_1_158' title='bbox 936 3405 1051 3475; x_wconf 80' lang='lat' dir='ltr'>videre</span> <span class='ocrx_word' id='word_1_159' title='bbox 1064 3407 1247 3500; x_wconf 77' lang='lat' dir='ltr'>pharouas.</span> 
     </span>
     <span class='ocr_line' id='line_1_26' title="bbox 378 3515 1159 3623; baseline 0.006 -30"><span class='ocrx_word' id='word_1_160' title='bbox 378 3526 495 3595; x_wconf 84' lang='lat' dir='ltr'>Stabat</span> <span class='ocrx_word' id='word_1_161' title='bbox 513 3525 548 3594; x_wconf 90' lang='lat' dir='ltr'>iu</span> <span class='ocrx_word' id='word_1_162' title='bbox 565 3515 731 3620; x_wconf 77' lang='lat' dir='ltr'>Argoliue</span> <span class='ocrx_word' id='word_1_163' title='bbox 750 3525 875 3596; x_wconf 85' lang='lat' dir='ltr'>ferrato</span> <span class='ocrx_word' id='word_1_164' title='bbox 890 3529 1042 3623; x_wconf 72' lang='lat' dir='ltr'>margine</span> <span class='ocrx_word' id='word_1_165' title='bbox 1056 3530 1159 3598; x_wconf 86' lang='lat' dir='ltr'>turris</span> 
     </span>
     <span class='ocr_line' id='line_1_27' title="bbox 377 3644 1117 3744; baseline 0.005 -28"><span class='ocrx_word' id='word_1_166' title='bbox 377 3647 542 3741; x_wconf 85' lang='lat' dir='ltr'>Egregius</span> <span class='ocrx_word' id='word_1_167' title='bbox 559 3644 645 3718; x_wconf 89' lang='lat' dir='ltr'>lituo</span> <span class='ocrx_word' id='word_1_168' title='bbox 661 3645 769 3718; x_wconf 78' lang='lat' dir='ltr'>dextri</span> <span class='ocrx_word' id='word_1_169' title='bbox 785 3649 950 3718; x_wconf 84' lang='lat' dir='ltr'>Mavortis</span> <span class='ocrx_word' id='word_1_170' title='bbox 966 3650 1117 3744; x_wconf 84' lang='lat' dir='ltr'>Enipeus</span> 
     </span>
    </p>

    <p class='ocr_par' dir='ltr' id='par_1_10' title="bbox 377 3765 1318 4226">
     <span class='ocr_line' id='line_1_28' title="bbox 379 3765 1277 3866; baseline 0.006 -31"><span class='ocrx_word' id='word_1_171' title='bbox 379 3769 543 3836; x_wconf 85' lang='lat' dir='ltr'>Hortatur</span> <span class='ocrx_word' id='word_1_172' title='bbox 553 3765 638 3854; x_wconf 80' lang='lat' dir='ltr'>;.sod</span> <span class='ocrx_word' id='word_1_173' title='bbox 654 3782 736 3840; x_wconf 88' lang='lat' dir='ltr'>tuuc</span> <span class='ocrx_word' id='word_1_174' title='bbox 754 3769 885 3838; x_wconf 80' lang='lat' dir='ltr'>miseris</span> <span class='ocrx_word' id='word_1_175' title='bbox 903 3769 1006 3862; x_wconf 73' lang='lat' dir='ltr'>dabat</span> <span class='ocrx_word' id='word_1_176' title='bbox 1025 3768 1107 3840; x_wconf 82' lang='lat' dir='ltr'>utile</span> <span class='ocrx_word' id='word_1_177' title='bbox 1123 3771 1277 3866; x_wconf 85' lang='lat' dir='ltr'>signum,</span> 
     </span>
     <span class='ocr_line' id='line_1_29' title="bbox 380 3887 1291 3990; baseline 0.003 -34"><span class='ocrx_word' id='word_1_178' title='bbox 380 3887 615 3983; x_wconf 76' lang='lat' dir='ltr'>Suadebatque</span> <span class='ocrx_word' id='word_1_179' title='bbox 632 3887 765 3985; x_wconf 78' lang='lat' dir='ltr'>fugam,</span> <span class='ocrx_word' id='word_1_180' title='bbox 777 3905 819 3960; x_wconf 85' lang='lat' dir='ltr'>ot</span> <span class='ocrx_word' id='word_1_181' title='bbox 837 3905 928 3961; x_wconf 86' lang='lat' dir='ltr'>tutos</span> <span class='ocrx_word' id='word_1_182' title='bbox 944 3893 980 3960; x_wconf 91' lang='lat' dir='ltr'>in</span> <span class='ocrx_word' id='word_1_183' title='bbox 990 3907 1101 3962; x_wconf 48' lang='lat' dir='ltr'>*cauis</span> <span class='ocrx_word' id='word_1_184' title='bbox 1116 3907 1291 3990; x_wconf 77' lang='lat' dir='ltr'>moeptus:</span> 
     </span>
     <span class='ocr_line' id='line_1_30' title="bbox 377 4009 1318 4106; baseline 0.009 -30"><span class='ocrx_word' id='word_1_185' title='bbox 377 4010 495 4099; x_wconf 90' lang='lat' dir='ltr'>Quum</span> <span class='ocrx_word' id='word_1_186' title='bbox 516 4009 665 4084; x_wconf 88' lang='lat' dir='ltr'>subitum</span> <span class='ocrx_word' id='word_1_187' title='bbox 683 4009 823 4106; x_wconf 68' lang='lat' dir='ltr'>obliquo</span> <span class='ocrx_word' id='word_1_188' title='bbox 840 4012 1011 4084; x_wconf 80' lang='lat' dir='ltr'>deseendit</span> <span class='ocrx_word' id='word_1_189' title='bbox 1029 4015 1071 4085; x_wconf 82' lang='lat' dir='ltr'>ab</span> <span class='ocrx_word' id='word_1_190' title='bbox 1087 4039 1165 4086; x_wconf 76' lang='lat' dir='ltr'>nere</span> <span class='ocrx_word' id='word_1_191' title='bbox 1179 4013 1318 4102; x_wconf 77' lang='lat' dir='ltr'>vulnus,</span> 
     </span>
     <span class='ocr_line' id='line_1_31' title="bbox 377 4130 1289 4226; baseline 0.004 -28"><span class='ocrx_word' id='word_1_192' title='bbox 377 4130 606 4226; x_wconf 76' lang='lat' dir='ltr'>Urgentisque</span> <span class='ocrx_word' id='word_1_193' title='bbox 622 4157 743 4204; x_wconf 83' lang='lat' dir='ltr'>sonum</span> <span class='ocrx_word' id='word_1_194' title='bbox 765 4132 845 4204; x_wconf 76' lang='lat' dir='ltr'>leva</span> <span class='ocrx_word' id='word_1_195' title='bbox 864 4158 985 4207; x_wconf 87' lang='lat' dir='ltr'>manus</span> <span class='ocrx_word' id='word_1_196' title='bbox 1001 4161 1082 4208; x_wconf 83' lang='lat' dir='ltr'>sura</span> <span class='ocrx_word' id='word_1_197' title='bbox 1099 4151 1227 4208; x_wconf 85' lang='lat' dir='ltr'>retenta</span> <span class='ocrx_word' id='word_1_198' title='bbox 1242 4149 1289 4206; x_wconf 82' lang='lat' dir='ltr'>est</span> 
     </span>
    </p>
   </div>
   <div class='ocr_carea' id='block_1_7' title="bbox 0 0 1552 5140">
    <p class='ocr_par' dir='ltr' id='par_1_11' title="bbox 0 0 1552 5140">
     <span class='ocr_line' id='line_1_32' title="bbox 0 0 1552 5140; baseline 0 2"><span class='ocrx_word' id='word_1_199' title='bbox 0 0 1552 5140; x_wconf 95' lang='lat' dir='ltr'> </span> 
     </span>
    </p>
   </div>
  </div>
 </body>
</html>
