3192 5148
154 501 238 558 (essu
498 492 691 548 SILVARUM
711 492 821 548 LIBER
841 491 863 545 1.

154 616 349 713 Colloquia,
367 632 401 686 et
416 617 506 686 docti
523 617 648 686 norunt
663 618 784 687 audire
796 623 945 688 Penates.

203 741 305 808 Forte
323 739 466 808 serenati
485 763 551 832 qua
569 737 749 834 stat'plaga
764 736 869 806 lactea
886 736 974 825 coeli,

155 856 254 928 Alma
267 860 382 927 Venus
400 856 567 946 thalamo,
585 856 681 954 pulsa
696 858 798 928 modo
815 873 929 946 nocte,
942 858 1087 952 jacebat,

155 976 427 1072 Amplexuduro
442 977 555 1046 Getici
575 976 720 1046 resoluta
739 980 862 1047 mariti.

156 1097 290 1186 Pulcra,
308 1099 465 1193 torosque
483 1098 553 1168 deae
572 1113 725 1168 tenerum
745 1100 868 1194 premit
882 1125 1004 1195 agmen
1017 1102 1180 1168 Amorum
1200 1122 1209 1165 ε
1266 1189 1268 1192 ¹

155 1220 260 1314 Signa
277 1233 416 1313 petunt,
433 1245 515 1314 quas
533 1220 619 1288 ferre
636 1221 739 1307 faces,
761 1245 833 1314 qnae
850 1235 986 1314 pectora
1002 1219 1059 1314 figi
1154 1241 1157 1248 ’

154 1342 318 1432 Imperet,
336 1363 382 1408 an·
401 1341 497 1408 terris
515 1341 645 1428 saevire,
662 1365 705 1408 an
723 1339 817 1410 malit
836 1343 871 1408 in
889 1340 1002 1427 undis,

156 1461 212 1528 An
230 1461 369 1527 miscere
385 1458 480 1548 deos,
491 1460 540 1528 'an
557 1459 666 1529 adhuc
682 1485 803 1529 vexare
820 1463 1019 1530 Tonantem.

155 1579 225 1672 lpsi
242 1582 373 1648 animus
391 1580 559 1666 nondum;
577 1605 638 1649 nec
653 1579 747 1676 cordi
764 1579 829 1647 fixa
843 1579 998 1649 voluntas
1018 1607 1025 1648 :

155 1701 243 1768 Fusa
255 1700 343 1791 jacet
360 1701 491 1787 stratis,
509 1701 566 1767 ubi
583 1700 754 1794 quondam
771 1702 903 1769 conscia
920 1699 1026 1794 culpae

87 1873 92 1880 .
154 1820 300 1886 Lcmnia
315 1834 492 1912 repserunt
508 1819 673 1914 deprenso
693 1819 827 1889 vincula
845 1819 946 1889 surto.

155 1940 219 2008 Hic
238 1963 322 2032 puer
340 1964 359 2007 e
378 1939 477 2008 turba
492 1938 684 2029 volucrum,
701 1941 755 2009 cui
772 1939 936 2034 plurimus
953 1941 1039 2034 ignis

156 2061 247 2146 Ore,
267 2083 436 2154 manuque
453 2058 518 2128 levi
537 2085 712 2154 nunquam
728 2060 886 2129 frustrata
905 2062 1044 2154 sagitta,

154 2181 300 2274 Agmine
315 2179 357 2248 de
373 2180 505 2276 medio,
522 2196 638 2252 tenera
656 2183 703 2250 sic
720 2180 818 2250 dulce
833 2181 982 2274 profatus

155 2300 249 2368 Voce
266 2299 474 2396 (pharetrati
491 2326 641 2396 pressere
658 2299 791 2370 silentia
806 2299 966 2394 fratresl:

204 2449 221 2484 n
232 2421 303 2488 Scis
320 2434 373 2507 ut,
390 2436 509 2509 mater,
526 2423 588 2507 ait',
606 2419 700 2490 nulla
716 2421 800 2490 mihi
818 2420 953 2489 dextera
970 2421 1080 2515 segnis

155 2536 303 2609 Militia:
322 2566 556 2634 quemcunque
572 2539 749 2610 hominum
768 2541 951 2635 divumque
968 2539 1103 2626 dedisti,

155 2661 277 2728 Uritur
295 2686 303 2727 :
325 2675 360 2728 at
378 2645 697 2755 tan'dem'lacrymis,
714 2676 747 2730 et
766 2659 917 2755 supplice
934 2660 1047 2729 dextra

155 2783 198 2849 Et
212 2781 301 2849 votis
319 2781 540 2876 precibusque
557 2782 622 2848 viri
640 2781 786 2851 concede
806 2782 953 2866 moveri,
1100 2873 1102 2878 Ι

156 2903 188 2968 Ο
204 2897 369 2994 genitrix!
388 2898 474 2968 duro
494 2927 556 2969 nec
573 2903 663 2969 enim
682 2927 721 2970 ex
739 2901 916 2969 adamante
932 2901 1051 2987 creati,

155 3018 222 3086 Sed
239 3033 298 3087 tua
313 3018 412 3088 turba
428 3044 552 3088 sumus.
572 3019 693 3089 Clarus
714 3019 756 3088 de
777 3033 876 3113 gente
894 3021 1014 3088 Latina

154 3139 214 3206 Est
227 3139 376 3232 juvenis,
393 3145 494 3232 quem
509 3140 663 3232 patriciis
674 3140 856 3232 majoribus
876 3154 988 3208 ortum

157 3255 324 3326 Nobilitas
341 3258 454 3351 gavisa
470 3255 569 3345 tulit,·
579 3253 793 3354 p'raesagaque'
808 3258 922 3328 lormae

155 3379 315 3446 Protinus
332 3402 351 3446 e
367 3392 483 3447 nostro
500 3379 612 3472 posuit
628 3365 830 3472 cognomina
849 3377 943 3447 coelo.

157 3499 257 3566 Hunc
274 3509 406 3591 egomet
424 3510 494 3566 tota
511 3497 684 3591 quondam
699 3497 779 3592 (tibi
795 3495 926 3593 dulcel)
943 3499 1101 3593 pharetra

156 3615 356 3708 Improbus‚
373 3630 406 3685 et
422 3616 524 3686 densa
543 3615 767 3711 trepidantem
786 3618 923 3712 cuspide
938 3618 1009 3688 fixi.

155 3736 321 3825 Quamvis
340 3736 498 3805 Ausoniis
514 3734 659 3838 multum
676 3760 780 3831 gener
795 3735 853 3804 ille
870 3740 993 3831 petitus

157 3855 339 3943 Matrihus,
355 3855 490 3925 edomui
507 3858 650 3946 victum3
667 3856 878 3952 dominaeque
896 3861 1042 3953 potentis
1086 3940 1088 3946 s

156 3975 258 4044 Ferre
272 3977 393 4073 jugum
400 4016 413 4065 ,1
428 3989 462 4046 et
477 3974 595 4072 longos
608 3979 692 4072 jussi
710 4003 843 4073 sperare
861 4004 923 4073 per
937 4004 1053 4050 annos.

156 4097 219 4166 Ast
238 4093 330 4164 illam
346 4122 477 4167 summa
493 4096 622 4186 leviter,
641 4099 687 4168 sic
706 4123 851 4192 namque
868 4100 1024 4191 jubebas,
