3172 5142
111 452 157 512 (v.
173 455 249 518 3Μ)
444 455 668 514 THEBMDOS.
683 457 796 516 LIBER
816 459 878 514 Vll.
1137 470 1188 510 101

111 575 198 645 Hic
213 593 325 670 pater,
345 578 402 648 hic
421 581 581 674 genitrix,
599 581 658 651 hic
670 583 796 676 junctae
818 582 924 676 stirpe
941 604 1091 664 sorores,

111 699 198 796 Hic
214 713 285 768 erat
304 711 337 768 et
358 698 470 770 frater.
494 703 603 770 Cerne
624 727 667 771 en
687 702 883 796 ubicunque
902 700 1077 772 nefandus.
1128 723 1132 731 ¹

96 818 326 906 ,Exordium
348 819 476 890 moliris
495 823 576 894 avis.
596 827 730 894 Venere
747 820 905 896 volentes

115 940 247 1008 Aoniae
266 941 402 1036 populi;
423 967 485 1012 nec
504 969 584 1012 sum.
596 943 678 1030 tihi,
698 967 801 1032 saeve,
819 941 981 1012 relictus·

116 1059 227 1150 Quid
245 1060 326 1131 velit
345 1064 410 1132 ista
429 1064 567 1149 cohors,
587 1079 621 1133 et
639 1079 672 1134 te
690 1065 815 1132 sentire
837 1062 987 1132 decebat.

119 1180 283 1252 Reddere
298 1207 401 1280 regna
418 1200 576 1254 vetant.»
594 1187 649 1255 Sic
666 1183 773 1272 fatus,
794 1200 828 1254 et
845 1185 960 1252 omnia
977 1185 1042 1251 rite

122 1303 310 1398 Disponit,
330 1305 387 1398 qui
405 1303 494 1373 bella
509 1307 726 1399 gerant,'qui
747 1306 870 1374 moenia
889 1317 1038 1390 servent,

124 1423 227 1512 Quas
243 1426 277 1492 in
299 1425 565 1514 frontemanus‚
581 1425 692 1496 medio
708 1449 792 1520 quas
810 1425 932 1499 robore
950 1425 1056 1493 sistat

180 1545 379 1638 Perspicuas
397 1544 536 1615 sicluce
555 1545 660 1635 fores,
680 1560 714 1616 et
730 1547 843 1641 virgea
861 1559 978 1640 pastor

124 1662 286 1734 Claustra
305 1662 410 1752 lavat,
429 1665 510 1736 dum
532 1682 622 1736 terra
642 1691 760 1736 recens
778 1693 787 1734 z
804 1645 905 1761 jubet¹
927 1666 1048 1735 ordine
1064 1668 1196 1768 primos¹

124 1788 185 1854 lre
203 1784 320 1873 duces,
339 1785 448 1855 media
468 1790 638 1882 stipantur
658 1786 753 1881 plebe
772 1788 923 1856 maritae:

123 1908 206 2000 Ipse
224 1904 315 1975 levat
329 1906 503 2002 gravidas,
520 1921 556 1977 et
571 1908 713 1977 humum
732 1922 864 1978 tactura
881 1921 1061 2002 parentum

125 2024 244 2096 Ubera
254 2025 525 2122 ‚suceiduasque
541 2043 700 2124 apportat
715 2028 883 2098 matribus
904 2053 1020 2127 agnas.

179 2151 311 2218 Interea
327 2149 439 2220 Danai
458 2164 658 2244 noctemque
677 2147 834 2242 diemque
852 2149 916 2221 sub
931 2154 1051 2240 armis,

125 2272 272 2341 Noctem
291 2271 415 2339 iterum
433 2294 617 2364 rursusque
637 2269 728 2338 diem
749 2270 811 2364 (sic
828 2270 884 2343 ira
896 2271 1063 2366 ferebat),

125 2391 368 2487 Ingeminant:
386 2404 556 2463 contemta
576 2392 687 2488 quies,
708 2392 765 2464 vix
779 2405 840 2464 aut
857 2417 960 2490 sopor
977 2392 1061 2480 illis,

125 2516 196 2583 Aut
214 2514 321 2609 epula
342 2513 449 2584 fecere
467 2537 598 2588 moram
615 2530 842 2612 :properatur
860 2517 898 2584 iu
919 2515 1052 2584 hostem

126 2638 225 2706 More
243 2637 328 2731 fugae
343 2659 429 2707 :enee
448 2653 598 2708 monstra
618 2653 757 2724 tenent,
779 2661 853 2732 quae
869 2635 1016 2732 plurima
1032 2639 1136 2704 nectit

127 2756 317 2854 Prodigiala
331 2781 457 2830 canens
473 2761 557 2829 certi
575 2759 644 2828 fors
663 2761 788 2854 pcaevia
806 2758 878 2828 fati.

127 2879 267 2976 Quippe
285 2877 401 2950 ferunt
419 2879 510 2950 diros
526 2881 676 2950 monitus
691 2878 928 2972 volucresque,
951 2878 1111 2972 fereeque,

128 3001 329 3095 Sideraque,
350 3003 524 3094 aversique
540 3001 609 3069 suis
623 2997 821 3070 decursibus
840 3023 979 3073 amnesa

127 3121 358 3216 Infestumque
378 3137 474 3191 tonat
490 3135 597 3215 pater,
619 3135 653 3190 et
672 3119 760 3192 mala
780 3119 917 3216 fulgura
936 3118 1068 3189 lucent:

127 3243 361 3337 Terrificaeque
381 3242 495 3338 adytis·
508 3267 625 3331 voces,
642 3241 830 3336 clausaque
847 3244 1000 3310 Deorum

129 3368 254 3458 Sponte
272 3365 385 3434 fores:
404 3390 496 3438 nunc
514 3366 734 3460 sanguineus,
754 3387 845 3432 nunc
867 3386 986 3432 saxeus
1008 3363 1135 3451 imber,

129 3489 171 3568 Et
187 3484 441 3574 subitiManes,
464 3484 673 3580 flentumque
692 3509 852 3554 occursus
868 3508 1020 3554 avorum.

129 3609 222 3675 Tunc
240 3620 274 3676 et
291 3605 476 3702 Apollinea
493 3621 627 3676 tacuere
645 3603 782 3676 oracula
801 3605 957 3700 Cyrrbae,

130 3730 173 3796 Et
186 3752 254 3795 non
268 3729 406 3800 assuetis
425 3753 554 3822 pernox
573 3725 718 3796 ululavit
734 3724 875 3796 Eleusin

131 3847 320 3934 Mensibus‚
342 3863 376 3922 et
394 3846 526 3944 templis
545 3851 668 3942 Sparte
682 3871 833 3942 praesaga
851 3844 989 3919 reclusis

132 3967 221 4037 Vidit
239 3967 442 4063 Amyclaeos,
462 3965 611 4040 facinus!
632 3991 835 4038 concurrere
856 3966 986 4038 fratres.

162 4087 326 4182 ¹Arcades
345 4089 478 4161 insanas
499 4089 621 4160 latrare
639 4088 958 4172 Lycaonisumbras
