3206 5136
415 452 450 506 sa
656 435 667 446 '
728 453 946 510 nausimus
969 455 1080 510 rinna
1105 457 1139 511 r.
1350 453 1466 515 nott>

412 581 466 646 Ira
486 581 589 673 patris
609 605 616 648 :
637 577 739 673 longo
759 595 847 674 rapit
864 605 944 648 arva
963 583 1130 652 morantia
1146 549 1245 675 passu

410 699 605 768 Vociferans
624 727 631 768 :
650 700 738 770 «Illa
755 716 868 770 autern
887 702 1041 770 ubinam.
1058 702 1112 769 cui
1132 727 1235 796 parva
1251 702 1383 769 cruoris

410 823 544 889 Laetavc
564 820 684 891 damna
706 822 794 890 mei?
814 819 963 890 vivitne?
984 821 1146 915 impellite
1164 837 1313 916 raptam,

410 944 509 1010 Ferte
527 943 583 1011 citi
602 945 764 1012 comites:
787 942 863 1011 faxo
880 944 988 1011 omnis
1006 941 1120 1012 fabula
1137 945 1274 1026 Lemni,

409 1064 454 1130 Et
471 1077 582 1155 pater,
599 1078 634 1132 et
651 1062 787 1132 tumidae
805 1065 934 1158 generis
952 1063 1127 1132 mendacia
1143 1066 1227 1133 sacri

410 1182 642 1252 Exciderint.u
663 1183 754 1270 Ibat,
775 1182 947 1276 letumque
968 1183 1090 1253 inferre
1110 1185 1248 1278 parabat

410 1309 499 1374 Ense
518 1303 631 1374 furens
649 1320 747 1398 rapto
767 1331 774 1372 :
794 1305 939 1373 venienti
957 1307 1109 1374 OEneius
1126 1305 1225 1373 heros

410 1428 557 1521 Impiger
574 1427 708 1528 objectat
724 1427 903 1521 proturbat
924 1441 1059 1520 pectora
1080 1450 1207 1519 parma.

412 1553 460 1616 Ac
480 1547 579 1616 simul
599 1546 789 1618 infrendens
810 1575 818 1616 :
838 1549 951 1616 «Siste
967 1548 1075 1634 hunc,
1093 1572 1228 1636 vesane,
1246 1547 1416 1634 fluorem,

411 1670 574 1762 Quisquis
595 1693 668 1736 es.»
688 1671 732 1738 Et
752 1671 880 1763 pariter
899 1671 1092 1763 Capaneus,
1112 1694 1254 1762 acerque
1271 1669 1414 1738 reducto

410 1789 527 1860 Adfuit
546 1789 800 1884 Hippomedon,
820 1803 977 1882 rectoque
995 1790 1235 1884 Erymanthius
1254 1813 1355 1878 ense,
1378 1851 1382 1856 .

410 1914 460 1980 Ac
473 1911 630 2003 juvenem
650 1909 757 1977 multo
775 1910 1006 2003 perstringunt
1025 1909 1160 1979 lumine.
1188 1915 1231 1980 At
1252 1907 1332 1976 inde

410 2036 588 2126 Agrestum
606 2056 666 2124 pro
683 2054 761 2124 rege
778 2055 897 2100 manus
916 2057 924 2098 :
943 2055 1028 2123 quos
1045 2031 1132 2099 inter
1148 2029 1312 2101 Adrastus

410 2153 546 2241 Mitior,
565 2166 599 2220 ct
617 2152 714 2220 sociae
734 2152 861 2220 veritus
880 2127 1081 2221 commercia
1101 2152 1189 2220 vittae

411 2273 636 2367 Amphiaraus
657 2275 703 2341 ait
725 2299 732 2340 :
752 2275 829 2342 ane
846 2297 959 2368 quaeso
979 2298 987 2341 :
1010 2273 1157 2342 absistite
1179 2272 1284 2358 ferro,

411 2397 510 2463 Unus
527 2417 626 2464 avum
646 2395 800 2487 sanguis3
821 2418 904 2462 neve
924 2391 1096 2487 indulgete
1113 2392 1243 2462 furori:

411 2519 529 2609 Tuque
549 2516 649 2609 prior.
664 2545 680 2580 u
700 2515 765 2584 Sed
785 2541 853 2582 non
872 2515 987 2584 sedato
1007 2529 1140 2608 pectore
1157 2514 1291 2608 Tydeus

411 2636 553 2729 Subjicit
571 2662 579 2703 ε
599 2665 616 2700 u
630 2639 728 2704 Anne
747 2635 867 2703 ducem
884 2637 1166 2728 servatricemque
1182 2635 1331 2704 cohortis

411 2757 557 2826 Inachiae
574 2757 713 2850 ingratis
730 2781 842 2825 coram
862 2770 913 2824 tot
928 2755 1075 2861 millibus
1090 2756 1192 2825 audes

311 2919 313 2924 ·
411 2882 562 2947 Mactare
582 2879 617 2943 in
639 2875 808 2945 tumulos?
825 2877 943 2970 quanti
955 2901 1024 2970 pro
1042 2876 1168 2945 funeris
1187 2875 1291 2946 ultor!
1400 2927 1406 2934 -

412 3000 475 3068 Cui
497 3023 656 3092 regnum,
678 2999 877 3094 genitorque
894 2997 1023 3085 Thoas,
1043 3013 1076 3066 et
1096 2997 1226 3068 lucidus
1246 3003 1341 3068 Evan

412 3120 532 3214 Stirpis
550 3143 630 3187 avus
651 3145 657 3186 :
679 3118 851 3187 tumidone
873 3143 1009 3212 parum,
1030 3117 1139 3211 quod,
1158 3121 1314 3213 gentibus
1333 3123 1417 3188 actis

415 3239 572 3333 Undique
593 3241 627 3307 in
651 3263 744 3308 arma
764 3240 848 3326 tuis,
871 3241 959 3306 inter
978 3237 1097 3332 rapida
1117 3240 1252 3332 agmina
1271 3263 1388 3332 pacem

413 3359 510 3430 Solus
529 3359 653 3429 habes?
668 3359 876 3453 habensque,
891 3374 924 3428 ct
942 3373 975 3428 te
992 3359 1132 3427 victoria
1147 3361 1290 3428 Graium

411 3482 566 3550 Inveniat
587 3478 723 3549 tumulis
743 3482 928 3548 etiamnum
948 3479 1017 3548 haec
1038 3478 1103 3548 fata
1124 3494 1352 3573 gementem.»

460 3603 625 3672 Dixerat:
644 3615 677 3669 ct
695 3599 829 3669 tandem
847 3615 1026 3668 cunctante
1045 3599 1229 3670 modestior
1246 3603 1296 3670 ica

412 3725 473 3795 Ille
494 3724 595 3793 refert
616 3749 623 3791 :
646 3722 839 3816 «Equidem
859 3747 927 3792 non
946 3747 1006 3791 vos
1024 3722 1066 3791 ad
1085 3724 1206 3792 moenia
1225 3723 1358 3796 Thebes

412 3846 539 3933 Rebar,
557 3860 591 3912 et
605 3841 742 3912 hostiles
760 3843 828 3911 huc
846 3842 1019 3912 advenisse
1037 3859 1197 3913 catervas.

414 3967 546 4060 Pergite
564 3966 599 4032 in
617 3962 800 4032 exscidium
818 3964 918 4052 socii,
938 3965 966 4032 si
983 3977 1076 4032 tanta
1093 3963 1266 4060 voluptas,

415 4087 608 4179 Sanguinis,
629 4085 768 4152 imbuite
784 4109 876 4152 arma
894 4083 1002 4172 domi,
1020 4100 1120 4179 atque
1137 4085 1206 4154 haec
1226 4087 1321 4156 irrita.
1338 4085 1467 4157 dudum
