3156 5138
117 499 216 562 (ιιι.)
359 581 364 592 ¹
442 496 638 556 smvsnuu
658 497 769 555 LIBER
791 497 839 554 IV.

217 622 258 690 Et
272 620 399 714 campis
420 623 484 693 iter
498 645 597 694 amne
612 622 802 712 detinente,

214 743 350 835 Longos
369 743 484 810 eximit
502 744 669 829 ambitus,
689 766 846 836 novoque

212 860 343 953 Injcctu
360 858 481 930 solidat
500 885 617 956 graves
635 886 774 956 arenas3

216 978 377 1048 Gaudens
391 981 546 1054 Euboicae
560 980 699 1051 domum
715 979 868 1075 Sibyllae,

218 1101 462 1193 Gauranosque
478 1101 591 1188 sinus,
608 1113 643 1170 et
659 1115 835 1172 aestuantes
936 1191 937 1194 Ἴ

216 1221 351 1313 Septem
369 1221 538 1292 montibus
555 1219 735 1292 admovere
750 1223 857 1293 Baias.

264 1338 329 1407 Hic
345 1337 516 1431 quondam
535 1341 631 1434 piger
647 1365 709 1409 axe
723 1355 838 1410 vectus
858 1338 927 1410 udo
1073 1429 1076 1436 ⁴

218 1457 368 1526 Nutabat
386 1481 485 1527 cruce
502 1456 651 1552 pendula
669 1460 798 1545 viator,

218 1575 447 1670 Sorbebatque
466 1589 556 1648 rotas
570 1575 723 1672 maligna
732 1575 859 1663 teibrs3
916 1573 924 1591 '

220 1699 264 1765 Et
283 1692 377 1790 plebs
397 1695 433 1764 in
451 1695 570 1766 mediis
590 1698 709 1770 latina
728 1698 855 1791 campis

219 1815 386 1885 Horrebat
399 1813 488 1885 mals
505 1817 749 1912 navigationis3

221 1935 293 2004 Ne'c
311 1957 429 2004 cursus
450 1933 573 2030 agiles,
593 1950 627 2006 et
642 1935 839 2031 impeditum

221 2051 415 2134 Tardabant
434 2055 498 2122 iter
516 2054 631 2126 orbitae
652 2070 816 2144 tacentes,

222 2177 315 2244 Dum
331 2169 463 2269 pondus
477 2173 620 2245 nimium
637 2200 781 2270 querens
797 2176 859 2244 sub
879 2173 946 2244 alta

225 2295 327 2389 chit
344 2292 503 2390 languida
522 2295 714 2390 quadrupes
733 2309 875 2383 statera3

225 2418 271 2487 At
286 2439 394 2504 nunc,
410 2439 485 2510 quae
502 2413 647 2486 solidum
663 2416 752 2497 diem
771 2418 914 2506 terebat,

225 2540 396 2606 Horarum
409 2535 467 2608 via
480 2534 567 2607 facta
583 2538 641 2606 vix
658 2536 803 2608 domum
820 2563 828 2606 :

227 2659 306 2728 Non
327 2670 426 2728 tensae
446 2654 623 2727 volucrum
643 2682 704 2752 per
722 2673 812 2728 astra
827 2681 965 2754 pennae,
1045 2653 1046 2656 ¹

226 2780 298 2850 Nec
313 2774 459 2860 velocius
475 2777 586 2864 ibitis,
603 2780 734 2850 carine.
782 2811 784 2816 ¹

273 2897 338 2968 Hic
354 2898 483 2992 primus
498 2894 594 2970 labor
607 2899 767 2968 inchoare
782 2891 912 2986 sulcos,

228 3020 273 3087 Et
289 3014 479 3086 rescindere
499 3015 642 3105 limites,
658 3033 693 3088 ct
708 3017 778 3088 alto

232 3141 356 3234 Egestn
370 3137 506 3232 penitus
525 3147 643 3207 cavare
658 3153 764 3208 terras
779 3137 797 3206 ε’

232 3260 334 3344 Mox,
352 3257 488 3326 haustas
505 3255 603 3326 aliter
623 3255 753 3352 replere
772 3257 895 3346 fossas,

232 3381 276 3451 Et
293 3400 425 3446 summo
443 3377 610 3472 gremim
626 3401 745 3471 parare
761 3377 879 3466 dorso,

232 3500 285 3570 Ne
300 3510 423 3567 nutent
435 3494 524 3585 sola,
542 3520 585 3565 ne
599 3497 748 3593 maligna
764 3496 876 3584 sedes,

231 3623 274 3688 Et
292 3618 413 3714 pressis
432 3615 573 3687 dubium
590 3615 699 3688 cubile
720 3619 831 3688 saxis:

227 3743 327 3810 ,Tunc
345 3737 548 3810 umbonibus
566 3739 647 3810 hinc
665 3753 699 3809 et
714 3737 796 3826 hinc
812 3736 957 3824 coactis,
1013 3805 1016 3814 ,

232 3865 276 3932 Et
291 3861 417 3938 crebris
431 3861 496 3932 iter
511 3859 650 3956 alligare
665 3857 832 3955 gomphis.

283 3985 316 4054 Ο
334 3997 469 4077 quantae
485 3982 611 4076 pariter
631 4004 750 4050 manus
769 3975 942 4058 laborant!

233 4103 277 4173 Hi
295 4099 427 4175 cadunt
447 4128 586 4192 nemus,
607 4114 816 4194 exsuuntque
833 4111 986 4184 montes,
