3156 5138
125 503 160 564 (r.
175 503 243 566 tro.)
447 501 641 560 SlLVAllUM
660 501 771 560 LIBER
792 503 842 560 111.
1054 565 1055 572 ,
1130 499 1168 572 73

126 627 260 714 Necte,
275 626 366 720 quod
387 625 512 696 solidus
530 640 648 696 contra
665 629 750 721 riget
763 629 865 696 umbo
881 623 1018 720 maligni
1060 653 1063 660 ·

127 747 270 834 Montis,
287 761 321 815 et
334 749 496 818 immenso
518 771 751 846 nonunquam
768 745 896 818 erciam
911 745 954 813 ub
967 769 1037 816 aevo

126 844 282 952 Terreat{
298 866 369 960 ipse
381 865 497 956 adero,
513 881 548 936 et
562 867 737 961 conamina
748 879 848 938 ,tanta
861 865 1000 960 juvabo,

131 986 321 1078 Asperaque
335 985 448 1056 invitae
463 967 666 1081 perfringam
673 986 807 1060 ‚viscera
827 998 933 1054 terrae.

127 1103 257 1198 Incipe,
277 1117 311 1173 et
327 1104 503 1176 Herculeis
515 1105 619 1176 fidens
635 1105 823 1175 hortatibus
843 1103 938 1176 aude.

127 1223 205 1292 Non
222 1224 433 1318 Amphioniae
453 1227 606 1296 steterint
624 1223 771 1296 velocius
786 1249 894 1312 arces,

125 1343 368 1438 Pergameusve
386 1343 491 1415 labor.
503 1346 647 1444 agnina,
664 1359 878 1441 mentemque
898 1343 1043 1439 reliquit.

176 1464 249 1533 Nee
265 1487 379 1551 mora;
395 1465 584 1560 conscripta
599 1464 788 1535 formantur
802 1465 948 1561 imagine
964 1463 1110 1558 templa:

124 1584 315 1652 Innumerae
332 1585 441 1654 coiere
460 1608 605 1655 manus:
622 1584 675 1654 bis
691 1583 817 1656 caedere
836 1583 954 1672 silvas,
1055 1645 1066 1664 ,

125 1705 169 1772 Et
183 1701 293 1774 levare
309 1706 419 1774 trabes
436 1702 737 1800 :illis'irnrnergere
754 1731 843 1777 curre

125 1822 358 1894 Fundamenta
373 1823 454 1894 solo.
475 1825 640 1919 Coquitur
656 1849 733 1921 pars
748 1825 851 1922 uvida
866 1839 971 1900 terre.

125 1947 322 2014 Protectura
337 1943 477 2033 hiemes,
493 1959 593 2038 atque
614 1943 785 2015 exclusura
806 1946 965 2040 pruinas;

124 2061 381 2156 Indomitasque
396 2060 478 2132 silex
492 2088 594 2134 curva
611 2063 746 2134 fornace
760 2063 926 2159 liquescit.

124 2182 317 2276 Pracipuus
334 2182 393 2252 sed
410 2184 499 2252 enim
516 2181 612 2255 labor
627 2196 677 2253 est
692 2183 885 2254 exscindere
901 2183 1018 2254 dextra

125 2303 309 2396 Oppositas
323 2325 439 2396 rupes,
457 2318 490 2372 et
505 2326 585 2373 saxa
601 2305 757 2397 negantia
771 2303 871 2404 ferro.
894 2371 897 2380 A
941 2373 943 2380 Α

109 2422 189 2530 ,llic
203 2437 298 2516 pater
313 2424 384 2516 ipse
400 2422 484 2510 loci,
496 2423 617 2518 ‘positis
630 2425 829 2518 ,Tirynthius
845 2425 946 2494 armis

124 2540 277 2628 insudat,
294 2541 468 2637 validaque
488 2541 596 2612 solum
613 2543 761 2613 deforme
780 2544 938 2639 bipenni,

124 2661 242 2749 Quum
253 2685 354 2755 grave
368 2675 533 2733 nocturna
548 2660 670 2733 coelum
685 2663 873 2733 subtexitur
885 2665 1021 2752 umbra,

124 2781 201 2872 Ipse
221 2777 331 2849 fodit:
351 2781 437 2850 dites
453 2757 606 2876 Capreae,
623 2781 812 2877 viridesque
825 2781 989 2855 resultant

125 2898 342 2987 Taurubulae,
359 2915 393 2971 et
411 2893 509 2972 terris
525 2903 642 2996 ingens
659 2902 747 2972 redit
757 2905 899 2998 aequoris
920 2903 1014 2974 echo.

172 3019 252 3089 Non
274 3034 341 3089 tam
356 3021 483 3116 grande
500 3036 596 3092 sonat
612 3023 711 3092 motis
728 3022 905 3094 incudibus
921 3026 1040 3113 AEtna,

122 3138 241 3227 Quum
259 3141 399 3209 Brontes
418 3143 638 3236 Steropesque
654 3141 730 3212 ferit
747 3169 756 3211 ε
776 3167 837 3213 nec
854 3145 961 3238 major
975 3145 1017 3214 ab
1033 3148 1137 3216 antris

123 3258 312 3328 lemniacis
328 3257 440 3355 fragor
456 3274 520 3349 est,
537 3261 596 3330 ubi
615 3263 787 3332 flammeus
801 3263 907 3359 aegida
921 3262 1014 3337 cetat

124 3376 307 3465 Mulciber,
324 3393 359 3448 et
378 3379 476 3449 castis
492 3395 631 3452 exornat
648 3381 784 3452 Pallada
801 3382 907 3458 donis.

172 3500 381 3568 Decrescunt
400 3498 594 3594 scopuli,et
615 3527 710 3572 rosea
727 3504 789 3572 sub
806 3503 879 3574 luce
897 3507 1020 3574 reversi

125 3616 277 3722 puilioes
296 3618 464 3690 mirantur
477 3643 562 3716 opus
579 3623 665 3692 :rix
682 3647 790 3692 annus
809 3623 943 3694 anhelat

123 3732 235 3822 Alter,
250 3751 284 3807 et
300 3737 427 3833 ingenti
445 3738 538 3813 diues
552 3742 748 3837 Tirynthius
769 3768 847 3842 arce

122 3855 302 3950 Despectat
319 3857 457 3944 fluctus,
475 3873 508 3928 ct
524 3862 648 3956 juncte
668 3878 755 3934 tecta
773 3889 925 3938 novercae

122 3976 303 4064 Provocat,
320 3992 355 4047 et
374 3978 482 4075 dignis
501 3982 622 4052 invitat
641 3982 777 4054 Pallada
797 3986 939 4081 templis.

167 4099 240 4168 Jarrr
260 4097 400 4194 placide
420 4101 501 4202 dant
522 4105 617 4200 signa
636 4107 823 4201 tubae3'jam
840 4108 982 4179 fortibus
1000 4109 1120 4180 ardens
