3206 5136
404 504 442 572 34
726 507 941 564 uflssuamos
962 507 1074 564 LlBllll
1093 507 1129 564 V.
1337 510 1370 572 (v.
1385 515 1454 575 με.)

404 633 534 720 Dicite,
555 629 605 702 vel
621 633 731 726 justos
748 634 843 726 cujus
860 632 1025 725 pulsantia
1044 657 1174 702 menses

307 735 310 743 ¹
404 755 492 823 Vota
509 749 662 820 tumenti
677 777 744 847 qua
761 777 843 847 pace
862 752 947 822 feras
963 752 1182 846 volucresque
1195 755 1307 850 jugari

403 873 479 940 Mos
495 871 601 940 datus.
619 873 696 941 Heu
711 868 844 966 segnes!
862 873 1016 967 potuitne
1034 871 1166 944 ultricia
1184 877 1297 946 Graiis

396 979 600 1086 ¹Virginibus
620 990 702 1061 dare
719 990 784 1060 tela
802 1006 914 1086 pater,
934 991 1095 1086 latusque
1113 993 1285 1080 dolorum,

404 1113 572 1206 Sanguine
589 1135 724 1182 securos
736 1111 901 1203 juvenum
919 1111 1119 1205 perfundere
1136 1118 1293 1186 somnos?

402 1235 448 1304 At
463 1256 523 1300 nos
539 1231 660 1326 vulgus
675 1233 764 1300 iners
782 1256 790 1298 τ
809 1231 900 1323 quod
916 1233 944 1299 si
960 1233 1175 1325 propioribus
1192 1239 1274 1305 actis

404 1354 464 1426 Est
477 1375 578 1445 opus,
592 1375 668 1420 ecce
681 1353 810 1420 animos
824 1350 942 1420 doceat
955 1351 1155 1445 Rhodopeia
1167 1357 1308 1448 conjux,

405 1468 486 1538 Ulta
507 1494 608 1538 manu
631 1469 810 1555 thalamos,
831 1472 1022 1566 pariterque
1040 1472 1174 1564 epulata
1195 1476 1325 1545 marito.

405 1592 475 1659 Nec
495 1615 554 1658 vos
573 1591 730 1658 immunis
751 1587 934 1676 scelerum,
954 1615 1112 1662 securave
1129 1619 1224 1688 cogo.

401 1709 506 1805 ¹Plena
526 1709 607 1778 mihi
629 1709 766 1792 domm,
784 1723 885 1802 atque
904 1711 1037 1804 ingens,
1057 1737 1099 1780 en
1117 1717 1261 1803 cernite,
1281 1714 1395 1786 sudor.

400 1827 562 1921 'Quatuor
578 1828 640 1897 hos
659 1853 744 1915 una,
763 1827 919 1906 decusat
938 1828 1057 1898 solatia
1077 1833 1199 1924 patris,

406 1953 447 2019 In
467 1949 593 2044 gremio
614 1947 714 2042 (licet
731 1946 885 2040 amplexu
904 1946 1126 2043 lacrymisque
1145 1953 1342 2046 morentur)

407 2068 645 2163 Transadigam
664 2066 771 2153 ferro,
791 2071 984 2166 saniemque
1007 2087 1042 2142 et
1056 2075 1182 2144 viscera
1200 2073 1344 2148 fratrum

316 2223 318 2230 ’
407 2190 573 2275 Miscebo,
595 2203 790 2285 patremque
811 2215 911 2284 super
931 2193 1136 2285 spirantibus
1153 2193 1285 2263 addam.
1325 2213 1329 2224 ’

407 2315 524 2406 Ecqua
543 2326 592 2380 tot
613 2312 647 2379 in
667 2310 771 2381 cades
791 2313 940 2380 animum
962 2311 1241 2405 promittitin-
1258 2315 1389 2410 Agebat

407 2430 564 2501 Pluribus
586 2457 594 2499 ε
617 2431 756 2500 adverso
776 2431 951 2500 nituerunt
970 2433 1044 2501 vela
1062 2433 1242 2527 profundo.

378 2643 380 2647 Ι
408 2552 546 2620 lemnia
566 2549 677 2619 classis
697 2563 769 2618 erat
791 2577 799 2619 τ
820 2553 934 2644 rapuit
951 2554 1065 2646 gavisa
1082 2552 1208 2646 Polyxo

408 2675 608 2756 Fortunam,
622 2685 721 2764 atque
738 2671 838 2740 iterat
854 2697 863 2740 τ
877 2711 926 2724 --
935 2701 951 2736 a
960 2673 1140 2765 superisne
1153 2673 1354 2742 vocantibus
1370 2671 1453 2742 ultro

404 2789 597 2897 [Desumusi’
616 2813 693 2858 ecce
712 2805 818 2875 rates,
836 2793 929 2860 Deus
947 2791 1027 2878 hos,
1046 2794 1139 2862 Deus
1157 2791 1247 2861 ultor
1266 2793 1302 2862 in
1322 2795 1387 2862 iras

409 2915 591 3004 Apportat,
612 2911 794 3004 emptisque
816 2910 906 2979 lavet
926 2936 934 2979 t
955 2936 1018 2980 nec
1035 2912 1146 3006 imago
1166 2913 1288 3005 quietis

409 3037 506 3104 Vana
525 3059 604 3103 meae
624 3059 631 3101 :
653 3033 745 3102 nudo
758 3034 876 3105 ¹stabat
895 3039 1010 3104 Venus
1028 3059 1123 3122 ense,
1145 3035 1252 3104 videri

410 3153 509 3224 Clara
529 3155 628 3239 mihi,
649 3179 849 3247 somnosque
868 3179 979 3247 super.
1001 3153 1096 3242 Quid
1116 3153 1255 3247 perditis
1275 3155 1404 3224 aevum?

409 3277 524 3369 lnquit
545 3303 553 3343 :
574 3299 635 3370 age
655 3275 778 3344 aversis
799 3272 962 3342 thalamos
981 3288 1122 3368 purgate
1140 3275 1279 3344 maritis.

409 3398 488 3488 Ipsa
505 3395 592 3466 sanes
610 3393 710 3480 alias,
731 3391 935 3486 melioraque
954 3392 1080 3462 susdera
1094 3393 1245 3487 jungam.

326 3523 329 3534 '
409 3516 503 3583 Dixit
525 3541 533 3583 :
554 3530 588 3582 et
608 3517 673 3583 hoc
691 3513 817 3582 ferrum
834 3515 965 3598 stratis,
983 3513 1067 3599 hoc,
1087 3511 1233 3600 credite,
1251 3513 1375 3584 fernam

411 3635 576 3729 Imposuit
595 3659 602 3702 ε
623 3635 706 3727 quin
724 3657 746 3702 o
764 3634 911 3720 miseras,
931 3631 1011 3701 dum
1031 3647 1163 3727 tempus
1182 3635 1252 3728 agit
1270 3657 1359 3720 rem,

411 3753 584 3825 Consulite
605 3780 613 3823 :
634 3777 677 3824 en
697 3753 815 3822 validis
833 3768 991 3847 spumant
1007 3778 1122 3824 eversa
1140 3752 1273 3824 lacertis

413 3869 558 3968 AEquma
577 3900 586 3944 ε
607 3871 794 3945 bistonides
811 3873 951 3942 ueniunt
968 3873 1108 3942 fortasse
1127 3875 1295 3944 maritas.»

461 3995 578 4063 «Hinc
595 3991 722 4062 stimuli
740 3995 909 4088 ingentes,
929 4017 1136 4087 magnusque
1159 3993 1349 4064 advolvitur
1368 3993 1455 4064 astris

411 4118 547 4190 Clamor
568 4145 575 4187 :
601 4119 783 4188 Amazonio
800 4115 971 4214 Scythiam
991 4116 1120 4186 fervere
1139 4115 1302 4206 tumultu,
