3094 5140
96 429 196 496 (ets.)
409 423 624 482 rffiunmos
646 423 757 482 Llsult
775 423 842 480 xm
1093 420 1149 478 233

99 553 226 649 Ogygii
243 575 380 620 manes:
399 550 552 644 queritur
570 549 760 618 miserabile
778 548 919 620 Graium

97 673 202 746 Nuda
217 672 358 758 cohors,
376 671 582 763 vetitumque
599 693 733 764 gemeus
745 665 964 738 circumvolat
977 668 1100 761 ignem.

100 797 234 890 Aooipit
246 807 280 862 et
297 791 503 862 saevi-manes
518 787 663 859 Eteoclis
679 789 813 883 iniquos
932 823 934 828 ·

98 914 371 1008 Haudquaquam
383 908 505 1006 regalis
520 909 648 996 hon0s;
663 909 810 1003 Argivus
825 908 940 980 haberi
972 959 977 970 .

100 1041 220 1106 Frater
232 1035 344 1128 jussus
358 1031 486 1120 adhuc,
507 1043 608 1124 atque
623 1027 887 1124 exsulepellitur
905 1029 1033 1100 umbra.

153 1161 197 1228 At
211 1149 288 1224 non'
298 1151 428 1249 plebeio
449 1150 578 1220 fumare
595 1151 768 1219 Menoecea
785 1149 886 1220 busto
904 1191 907 1202 ·
1105 1243 1107 1248 Δ

102 1283 178 1348 Rex
197 1278 330 1373 genitor
348 1273 536 1366 Theboeque
549 1270 693 1362 sinunt:
716 1290 779 1339 neo
799 1270 921 1340 robora
933 1268 1061 1340 uilem·

103 1401 307 1468 Struxerunt
327 1394 369 1464 de
387 1418 480 1463 more
497 1415 617 1486 rogum
638 1417 647 1458 :
665 1389 724 1460 sed
739 1388 880 1460 bellicus
896 1414 999 1486 agger

104 1516 292 1604 Curribus,
311 1529 345 1584 et
363 1513 504 1608 clypeis,
520 1512 770 1603 Graiorumque
783 1509 940 1580 omnibus
957 1512 1056 1579 armis

103 1639 294 1721 Sternitur:
312 1632 449 1704 hostiles
466 1655 568 1727 super
584 1633 674 1726 ipse,
693 1632 864 1718 utviotor,
883 1629 1036 1716 acervos,
1055 1671 1059 1692 ·.
1149 1675 1152 1685 ·

104 1757 255 1827 Pacifera
272 1755 368 1824 lauro
383 1756 510 1824 crinem
525 1753 684 1846 vittisque
700 1751 860 1838 decorus,
876 1795 880 1804 ·

105 1877 256 1948 Accubat
278 1903 286 1945 :
305 1874 396 1944 haud
414 1873 523 1960 aliter,
543 1897 643 1967 quam
657 1896 762 1967 quum
779 1874 994 1968 poscentibus
1008 1876 1106 1944 astris
1124 1909 1127 1917 ·

107 2001 218 2066 Letus
231 1997 265 2065 in
280 2019 414 2066 accensa
429 1995 535 2087 jacuit
550 1993 746 2086 Tirynthius
763 1995 864 2063 OEta.

107 2118 278 2211 Spirautes
294 2139 395 2209 super
413 2113 548 2184 inferias
569 2113 701 2207 captiva
717 2110 893 2207 Pelasgum
918 2093 922 2100 ⁵

107 2239 274 2331 Corpora,
297 2235 509 2327 frenatosque
527 2247 634 2328 pater,
653 2231 790 2318 solatia,
810 2233 912 2302 sortes

107 2354 299 2442 Bellorum,
317 2355 486 2426 mactabat
505 2378 609 2448 equos
630 2354 706 2424 :his
724 2352 849 2424 arduus
869 2356 978 2451 ignis.-

107 2473 268 2570 palpitat,
283 2488 324 2544 ,et
338 2476 480 2574 gemitus
494 2473 628 2543 tandem
649 2499 790 2569 erupere
806 2477 936 2569 paterni
959 2502 968 2545 :
986 2519 991 2526 ·

158 2626 175 2660 a
189 2601 237 2683 Ο,
254 2597 318 2665 nisi
332 2596 567 2690 magnanimus
586 2609 688 2664 tante
709 2609 744 2665 te
761 2593 870 2665 laudis
887 2598 1001 2667 inisset

108 2716 229 2803 Ardor,
247 2715 428 2786 Echionios
444 2739 577 2784 mecum
595 2717 782 2786 venerande
799 2731 953 2810 penates,

108 2841 219 2929 Atque
234 2834 342 2923 ultra,
363 2851 494 2906 recture
511 2817 596 2930 puer
617 2837 808 2906 :venientia
827 2840 885 2931 qui
906 2863 1014 2908 nuno

108 2953 240 3024 Gaudia
253 2969 287 3024 et
301 2955 469 3050 ingratum
489 2958 584 3050 regni
602 2957 684 3026 mihi
698 2981 821 3026 munus
840 2945 975 3026 acerbas
995 2985 1002 3026 :

108 3077 181 3161 Tu,
197 3076 362 3168 Superum
381 3101 530 3146 convexa
549 3074 626 3146 licet
644 3092 815 3171 coetusque
833 3081 994 3171 perenni,

109 3192 219 3262 Credo
236 3195 408 3288 equidem,
426 3198 549 3266 virtute
566 3197 674 3282 colas,
693 3199 775 3267 mihi
793 3196 903 3266 flebile
919 3217 1059 3291 semper*

108 3315 240 3382 Numen
260 3315 324 3384 eris
342 3331 494 3410 :ponant
510 3343 601 3407 aras,
618 3318 814 3412 excelsaque
831 3318 955 3386 Thebe
1065 3329 1071 3336 '

107 3431 244 3526 Templa
258 3434 369 3504 dicent
390 3461 398 3503 :
420 3439 478 3505 uni
496 3437 604 3508 fassit
623 3437 737 3540 lugere
754 3439 898 3533 parenti.

107 3559 150 3624 Et
167 3580 257 3624 nunc
272 3555 337 3625 heu
352 3582 427 3651 quae
441 3557 542 3654 digna
564 3561 623 3630 tibi
640 3560 820 3645 solemnia,
837 3585 961 3654 quasve

108 3676 250 3769 Largior
266 3679 459 3770 exsequias?
476 3704 541 3748 nec
556 3681 582 3748 si
606 3679 705 3751 fatale
718 3695 864 3774 potestas

106 3797 215 3887 Argos
234 3809 266 3862 et
282 3796 563 3890 impulsascineri
582 3801 720 3870 miseere
733 3803 906 3893 Mycenas,

105 3915 230 4006 Meque
247 3940 359 4008 super,
376 3920 431 3986 cui
451 3919 519 3987 vita
539 3917 683 4014 (nefasl)
700 3934 733 3990 et
753 3923 916 4016 sanguine
934 3927 1002 3994 nati

107 4037 226 4100 Partus
244 4033 361 4104 honos.
384 4037 555 4107 Eademne
574 4039 664 4129 dies,
686 4040 801 4110 eadem
819 4044 922 4137 impia
936 4043 1021 4112 betta
