3156 5138
407 563 460 628 ras
762 563 793 616 r.
814 561 937 616 nmen
960 545 1083 616 smrn
1362 559 1392 621 tv·
1406 561 1454 617 ει.)

451 687 552 756 Disce
568 709 653 781 puer
670 711 677 752 ε
696 710 759 754 nec
777 687 866 754 enim
887 700 1028 755 externo
1049 685 1218 754 monitore
1239 683 1403 778 petendus

402 808 548 877 Virtutis
564 807 626 876 tibi
642 805 784 902 pulcher
799 831 895 876 amor
911 833 919 875 ε
937 821 1080 902 cognata
1095 789 1263 875 ministret

403 933 493 1000 Laus
510 929 651 998 animos.
670 925 757 998 Aliis
771 929 869 998 Decii
886 926 1092 1021 reducesque
1107 924 1244 996 Camilli

403 1053 653 1135 Monstrentur3
667 1063 705 1120 tu
722 1050 814 1120 disce
831 1063 975 1144 patrem}
992 1065 1204 1144 quantusque
1220 1052 1410 1145 nigrantem

403 1169 576 1241 Fluctibus
596 1171 920 1264 occiduis'fessoque
939 1173 1132 1267 Hyperione
1150 1170 1281 1242 Thulen

406 1295 544 1362 lutrarit
564 1290 723 1360 mandata
742 1317 877 1386 gerens3
898 1307 1111 1386 quantusque
1133 1294 1281 1388 potentis

403 1410 500 1483 Mille
517 1414 615 1482 urbes
630 1413 717 1482 Asiae
734 1413 853 1481 sortito
869 1414 995 1481 rexerit
1010 1437 1114 1506 anno,

404 1535 592 1628 Imperium
611 1533 780 1604 mulcente
801 1549 889 1630 toga.
907 1535 990 1604 Bibe
1007 1534 1088 1605 talia
1105 1537 1220 1630 pronis

404 1655 551 1726 Auribus
571 1680 578 1722 :
599 1655 670 1724 haec
689 1669 820 1724 certent
842 1656 903 1724 tibi
923 1654 1105 1726 conciliare
1120 1655 1339 1752 propinqui:

405 1779 486 1845 Haec
507 1777 630 1844 iterent
648 1775 788 1844 comites
807 1789 992 1869 praecepta,
1014 1801 1176 1871 senesque
1196 1780 1338 1873 paterni.

455 1898 597 1988 Jamque
615 1893 699 1962 adeo
719 1892 848 1964 moliris
869 1897 947 1983 iter,
965 1920 1028 1964 nec
1049 1895 1162 1965 deside
1182 1921 1282 1990 passu

407 2021 462 2086 Ire
482 2039 604 2110 pamst
626 2013 778 2082 nondum
798 2013 916 2084 validae
937 2016 996 2084 tibi
1016 2019 1111 2111 signe
1128 2017 1278 2112 juventae

406 2140 576 2231 Irrepsere
594 2137 703 2230 genis,
721 2147 755 2204 et
772 2134 883 2204 adhuc
900 2135 1002 2204 decor
1020 2138 1151 2232 integer
1169 2141 1240 2208 aevi.

409 2259 481 2329 Nec
497 2256 631 2352 genitor
643 2256 758 2350 junta3
778 2255 854 2324 fatis
874 2279 1021 2349 namque
1036 2256 1176 2326 haustus
1195 2259 1321 2352 iniquis

409 2377 542 2448 Occidit
558 2372 638 2446 heul
658 2376 828 2470 geminam
845 2373 974 2470 prolem
992 2377 1064 2446 sine
1081 2353 1221 2471 praeside
1236 2377 1405 2473 linquens.

410 2500 483 2569 Nec
499 2495 616 2566 saltem
633 2497 756 2564 teneris
773 2508 903 2565 ostrum
921 2495 1050 2590 puerile
1067 2496 1199 2567 lacertis
1370 2501 1372 2504 ’

411 2618 528 2706 Exuit,
545 2616 738 2709 albentique
755 2617 914 2686 humeros
933 2617 1065 2686 induxit
1085 2621 1221 2688 amictu.
1338 2615 1340 2620 ’

412 2737 526 2826 Quem
544 2760 613 2806 non
634 2737 823 2831 corrumpit
841 2737 947 2832 pubes
966 2737 1106 2826 effrena,
1129 2765 1290 2835 novaeque

412 2859 566 2928 Libertas
585 2873 765 2952 properata
787 2857 891 2953 togae?
908 2883 970 2928 ceu
990 2861 1102 2929 nescia
1117 2859 1215 2930 'falcis

414 2977 505 3049 Silva
525 3002 638 3049 comas
658 2977 762 3067 tollit,
785 2979 1002 3073 fructumque
1022 2981 1169 3075 exspirat
1190 2984 1224 3050 in
1246 2983 1394 3054 umbras.

414 3104 459 3170 At
480 3098 542 3169 tibi
560 3099 677 3168 Pieriae
701 3111 815 3168 tenero
835 3100 897 3168 sub
914 3114 1051 3194 pectore
1071 3127 1176 3190 curae,

414 3225 460 3292 Et
475 3218 601 3315 pudor,
619 3234 654 3289 et
673 3217 764 3289 docti
782 3219 974 3315 legem'sibi
994 3220 1106 3292 dicere
1126 3201 1253 3314 mores3
1303 3313 1306 3320 Ι

414 3347 512 3414 Tunc
533 3340 649 3410 hilaris
670 3341 890 3436 probitas,'et
910 3341 1003 3411 frons
1025 3341 1225 3437 tranquilla,'
1244 3346 1402 3439 nitorque

415 3463 575 3534 Luxuriae
595 3461 727 3537 confine
747 3462 885 3549 timens,
907 3464 1080 3558 pietasque
1100 3489 1162 3560 per
1182 3463 1299 3536 omnes
1363 3471 1366 3480 ⁴

415 3587 615 3680 Dispensuta
635 3583 764 3652 modos.
785 3569 947 3678 AEquaevo
965 3565 1092 3654 cedere
1103 3585 1216 3674 fratri,
1255 3598 1258 3610 “

417 3705 603 3798 Mirarique
621 3719 769 3799 patrem,
787 3705 984 3799 misereque
1003 3707 1178 3800 ignoscere
1200 3699 1329 3799 matri,'

418 3825 606 3896 Admonuit
622 3825 759 3894 fortuna
778 3825 907 3895 domus
926 3825 1047 3895 Tibine
1069 3825 1126 3896 illa
1144 3827 1287 3897 nefanda

417 3945 558 4035 Pocula,
577 3945 758 4041 letalesque
776 3971 879 4017 manu
897 3971 1101 4042 componere
1118 3971 1236 4019 succos

419 4066 571 4157 Evaluit,
590 4069 749 4162 qui³roce
764 4081 860 4164 potes
877 4083 1077 4164 prevertere
1093 4095 1226 4141 morsus

422 4191 639 4283 Serpentum,
657 4169 891 4283 atquoomnes
906 4188 1003 4260 uultu
1021 4189 1155 4285 placare
1172 4188 1349 4262 novercas!
1396 4231 1404 4238 -·
