<?xml version="1.0" encoding="UTF-8"?>
<!DOCTYPE html PUBLIC "-//W3C//DTD XHTML 1.0 Transitional//EN"
    "http://www.w3.org/TR/xhtml1/DTD/xhtml1-transitional.dtd">
<html xmlns="http://www.w3.org/1999/xhtml" xml:lang="en" lang="en">
 <head>
  <title>
</title>
<meta http-equiv="Content-Type" content="text/html;charset=utf-8" />
  <meta name='ocr-system' content='tesseract 3.04.00' />
  <meta name='ocr-capabilities' content='ocr_page ocr_carea ocr_par ocr_line ocrx_word'/>
</head>
<body>
  <div class='ocr_page' id='page_1' title='image "./operaquaeextant00dbgoog_0177.png"; bbox 0 0 3156 5138; ppageno 0'>
   <div class='ocr_carea' id='block_1_1' title="bbox 397 407 1442 474">
    <p class='ocr_par' dir='ltr' id='par_1_1' title="bbox 397 407 1442 474">
     <span class='ocr_line' id='line_1_1' title="bbox 397 407 1442 474; baseline -0.009 -7"><span class='ocrx_word' id='word_1_1' title='bbox 397 410 452 468; x_wconf 62' lang='grc' dir='ltr'>ὼ</span> <span class='ocrx_word' id='word_1_2' title='bbox 667 417 673 428; x_wconf 93' lang='grc'><em>·</em></span> <span class='ocrx_word' id='word_1_3' title='bbox 745 411 775 464; x_wconf 82' lang='lat' dir='ltr'>r.</span> <span class='ocrx_word' id='word_1_4' title='bbox 798 409 922 464; x_wconf 79' lang='lat' dir='ltr'>runnu</span> <span class='ocrx_word' id='word_1_5' title='bbox 937 407 1068 468; x_wconf 75' lang='lat' dir='ltr'>,suurn</span> <span class='ocrx_word' id='word_1_6' title='bbox 1354 411 1442 474; x_wconf 49' lang='lat' dir='ltr'>(tu)</span> 
     </span>
    </p>
   </div>
   <div class='ocr_carea' id='block_1_2' title="bbox 375 535 1388 4152">
    <p class='ocr_par' dir='ltr' id='par_1_2' title="bbox 390 535 1362 1724">
     <span class='ocr_line' id='line_1_2' title="bbox 442 535 1290 628; baseline -0.002 -18"><span class='ocrx_word' id='word_1_7' title='bbox 442 543 486 611; x_wconf 82' lang='lat' dir='ltr'>At</span> <span class='ocrx_word' id='word_1_8' title='bbox 505 555 560 628; x_wconf 89' lang='lat' dir='ltr'>tu,</span> <span class='ocrx_word' id='word_1_9' title='bbox 578 562 638 608; x_wconf 83' lang='lat' dir='ltr'>seu</span> <span class='ocrx_word' id='word_1_10' title='bbox 657 538 816 608; x_wconf 89' lang='lat' dir='ltr'>membris</span> <span class='ocrx_word' id='word_1_11' title='bbox 832 539 972 608; x_wconf 89' lang='lat' dir='ltr'>emissus</span> <span class='ocrx_word' id='word_1_12' title='bbox 986 539 1021 607; x_wconf 90' lang='lat' dir='ltr'>in</span> <span class='ocrx_word' id='word_1_13' title='bbox 1041 537 1146 608; x_wconf 82' lang='lat' dir='ltr'>ardua</span> <span class='ocrx_word' id='word_1_14' title='bbox 1164 535 1290 625; x_wconf 87' lang='lat' dir='ltr'>tendis,</span> 
     </span>
     <span class='ocr_line' id='line_1_3' title="bbox 393 655 1362 756; baseline 0 -26"><span class='ocrx_word' id='word_1_15' title='bbox 393 659 638 756; x_wconf 82' lang='lat' dir='ltr'>Fulgentesque</span> <span class='ocrx_word' id='word_1_16' title='bbox 659 657 791 754; x_wconf 81' lang='lat' dir='ltr'>plagas,</span> <span class='ocrx_word' id='word_1_17' title='bbox 811 683 993 752; x_wconf 80' lang='lat' dir='ltr'>rerumque</span> <span class='ocrx_word' id='word_1_18' title='bbox 1010 655 1175 729; x_wconf 88' lang='lat' dir='ltr'>elementa</span> <span class='ocrx_word' id='word_1_19' title='bbox 1191 683 1362 745; x_wconf 79' lang='lat' dir='ltr'>recenses,</span> 
     </span>
     <span class='ocr_line' id='line_1_4' title="bbox 393 777 1327 874; baseline -0.001 -23"><span class='ocrx_word' id='word_1_20' title='bbox 393 783 480 873; x_wconf 88' lang='lat' dir='ltr'>Quis</span> <span class='ocrx_word' id='word_1_21' title='bbox 501 779 599 870; x_wconf 89' lang='lat' dir='ltr'>deus,</span> <span class='ocrx_word' id='word_1_22' title='bbox 620 779 710 849; x_wconf 92' lang='lat' dir='ltr'>unde</span> <span class='ocrx_word' id='word_1_23' title='bbox 728 781 836 874; x_wconf 87' lang='lat' dir='ltr'>ignes,</span> <span class='ocrx_word' id='word_1_24' title='bbox 854 803 929 874; x_wconf 78' lang='lat' dir='ltr'>quae</span> <span class='ocrx_word' id='word_1_25' title='bbox 948 777 1050 849; x_wconf 84' lang='lat' dir='ltr'>ducat</span> <span class='ocrx_word' id='word_1_26' title='bbox 1067 779 1186 850; x_wconf 86' lang='lat' dir='ltr'>semita</span> <span class='ocrx_word' id='word_1_27' title='bbox 1196 778 1327 868; x_wconf 89' lang='lat' dir='ltr'>Solem,</span> 
     </span>
     <span class='ocr_line' id='line_1_5' title="bbox 392 899 1335 996; baseline 0 -23"><span class='ocrx_word' id='word_1_28' title='bbox 392 905 479 994; x_wconf 82' lang='lat' dir='ltr'>Quae</span> <span class='ocrx_word' id='word_1_29' title='bbox 495 903 627 972; x_wconf 91' lang='lat' dir='ltr'>minuat</span> <span class='ocrx_word' id='word_1_30' title='bbox 640 901 807 990; x_wconf 79' lang='lat' dir='ltr'>Phoeben,</span> <span class='ocrx_word' id='word_1_31' title='bbox 827 925 968 996; x_wconf 72' lang='lat' dir='ltr'>queque</span> <span class='ocrx_word' id='word_1_32' title='bbox 988 901 1158 996; x_wconf 85' lang='lat' dir='ltr'>integrare</span> <span class='ocrx_word' id='word_1_33' title='bbox 1174 899 1335 974; x_wconf 78' lang='lat' dir='ltr'>latentem</span> 
     </span>
     <span class='ocr_line' id='line_1_6' title="bbox 393 1021 1250 1118; baseline -0.004 -22"><span class='ocrx_word' id='word_1_34' title='bbox 393 1027 502 1096; x_wconf 80' lang='lat' dir='ltr'>Causa</span> <span class='ocrx_word' id='word_1_35' title='bbox 523 1038 645 1118; x_wconf 82' lang='lat' dir='ltr'>queat,</span> <span class='ocrx_word' id='word_1_36' title='bbox 659 1022 818 1117; x_wconf 88' lang='lat' dir='ltr'>doctique</span> <span class='ocrx_word' id='word_1_37' title='bbox 835 1021 953 1092; x_wconf 89' lang='lat' dir='ltr'>modos</span> <span class='ocrx_word' id='word_1_38' title='bbox 967 1022 1120 1092; x_wconf 82' lang='lat' dir='ltr'><strong>extendis</strong></span> <span class='ocrx_word' id='word_1_39' title='bbox 1138 1025 1250 1110; x_wconf 74' lang='lat' dir='ltr'>Arati3</span> 
     </span>
     <span class='ocr_line' id='line_1_7' title="bbox 391 1143 1162 1240; baseline -0.003 -25"><span class='ocrx_word' id='word_1_40' title='bbox 391 1145 459 1216; x_wconf 90' lang='lat' dir='ltr'>Seu</span> <span class='ocrx_word' id='word_1_41' title='bbox 477 1159 516 1214; x_wconf 92' lang='lat' dir='ltr'>tu</span> <span class='ocrx_word' id='word_1_42' title='bbox 536 1144 666 1214; x_wconf 88' lang='lat' dir='ltr'>Lethaei</span> <span class='ocrx_word' id='word_1_43' title='bbox 683 1158 812 1213; x_wconf 86' lang='lat' dir='ltr'>secreto</span> <span class='ocrx_word' id='word_1_44' title='bbox 829 1143 865 1213; x_wconf 93' lang='lat' dir='ltr'>in</span> <span class='ocrx_word' id='word_1_45' title='bbox 882 1143 1034 1240; x_wconf 86' lang='lat' dir='ltr'>gramine</span> <span class='ocrx_word' id='word_1_46' title='bbox 1049 1145 1162 1239; x_wconf 85' lang='lat' dir='ltr'>campi</span> 
     </span>
     <span class='ocr_line' id='line_1_8' title="bbox 392 1263 1172 1360; baseline -0.005 -22"><span class='ocrx_word' id='word_1_47' title='bbox 392 1263 541 1340; x_wconf 84' lang='lat' dir='ltr'>Consilia</span> <span class='ocrx_word' id='word_1_48' title='bbox 558 1266 701 1335; x_wconf 88' lang='lat' dir='ltr'>heroum</span> <span class='ocrx_word' id='word_1_49' title='bbox 717 1265 814 1360; x_wconf 79' lang='lat' dir='ltr'>juxta</span> <span class='ocrx_word' id='word_1_50' title='bbox 831 1267 1019 1358; x_wconf 88' lang='lat' dir='ltr'>Manesque</span> <span class='ocrx_word' id='word_1_51' title='bbox 1039 1264 1172 1354; x_wconf 87' lang='lat' dir='ltr'>beatos,</span> 
     </span>
     <span class='ocr_line' id='line_1_9' title="bbox 390 1381 1351 1482; baseline -0.005 -20"><span class='ocrx_word' id='word_1_52' title='bbox 390 1388 575 1462; x_wconf 74' lang='lat' dir='ltr'>Maeonium</span> <span class='ocrx_word' id='word_1_53' title='bbox 593 1389 832 1479; x_wconf 72' lang='lat' dir='ltr'>Ascraeumque</span> <span class='ocrx_word' id='word_1_54' title='bbox 850 1410 963 1456; x_wconf 87' lang='lat' dir='ltr'>senem</span> <span class='ocrx_word' id='word_1_55' title='bbox 984 1410 1055 1456; x_wconf 92' lang='lat' dir='ltr'>non</span> <span class='ocrx_word' id='word_1_56' title='bbox 1074 1381 1208 1482; x_wconf 79' lang='lat' dir='ltr'>segnior</span> <span class='ocrx_word' id='word_1_57' title='bbox 1225 1388 1351 1457; x_wconf 82' lang='lat' dir='ltr'>umbra</span> 
     </span>
     <span class='ocr_line' id='line_1_10' title="bbox 390 1505 1300 1602; baseline 0 -23"><span class='ocrx_word' id='word_1_58' title='bbox 390 1505 539 1597; x_wconf 81' lang='lat' dir='ltr'>Accolis,</span> <span class='ocrx_word' id='word_1_59' title='bbox 557 1505 793 1602; x_wconf 85' lang='lat' dir='ltr'>alternumque</span> <span class='ocrx_word' id='word_1_60' title='bbox 810 1532 927 1596; x_wconf 85' lang='lat' dir='ltr'>sonas,</span> <span class='ocrx_word' id='word_1_61' title='bbox 945 1522 979 1577; x_wconf 88' lang='lat' dir='ltr'>et</span> <span class='ocrx_word' id='word_1_62' title='bbox 994 1508 1146 1578; x_wconf 77' lang='lat' dir='ltr'>cannino</span> <span class='ocrx_word' id='word_1_63' title='bbox 1163 1507 1300 1598; x_wconf 79' lang='lat' dir='ltr'>misces3</span> 
     </span>
     <span class='ocr_line' id='line_1_11' title="bbox 390 1628 1255 1724; baseline -0.003 -23"><span class='ocrx_word' id='word_1_64' title='bbox 390 1631 445 1701; x_wconf 83' lang='lat' dir='ltr'>Da</span> <span class='ocrx_word' id='word_1_65' title='bbox 458 1653 576 1700; x_wconf 80' lang='lat' dir='ltr'>vocem</span> <span class='ocrx_word' id='word_1_66' title='bbox 590 1653 730 1724; x_wconf 85' lang='lat' dir='ltr'>magno,</span> <span class='ocrx_word' id='word_1_67' title='bbox 747 1641 856 1723; x_wconf 88' lang='lat' dir='ltr'>pater,</span> <span class='ocrx_word' id='word_1_68' title='bbox 873 1628 1118 1724; x_wconf 83' lang='lat' dir='ltr'>ingeniumque</span> <span class='ocrx_word' id='word_1_69' title='bbox 1135 1628 1255 1699; x_wconf 89' lang='lat' dir='ltr'>dolori.</span> 
     </span>
    </p>

    <p class='ocr_par' dir='ltr' id='par_1_3' title="bbox 383 1746 1388 3176">
     <span class='ocr_line' id='line_1_12' title="bbox 438 1746 1388 1846; baseline 0.004 -25"><span class='ocrx_word' id='word_1_70' title='bbox 438 1753 529 1822; x_wconf 87' lang='lat' dir='ltr'>Nam</span> <span class='ocrx_word' id='word_1_71' title='bbox 546 1775 600 1820; x_wconf 91' lang='lat' dir='ltr'>me</span> <span class='ocrx_word' id='word_1_72' title='bbox 619 1764 671 1819; x_wconf 90' lang='lat' dir='ltr'>ter</span> <span class='ocrx_word' id='word_1_73' title='bbox 692 1748 842 1846; x_wconf 89' lang='lat' dir='ltr'>relegens</span> <span class='ocrx_word' id='word_1_74' title='bbox 865 1746 1002 1840; x_wconf 84' lang='lat' dir='ltr'>coelum,</span> <span class='ocrx_word' id='word_1_75' title='bbox 1023 1763 1141 1844; x_wconf 92' lang='lat' dir='ltr'>terque</span> <span class='ocrx_word' id='word_1_76' title='bbox 1159 1775 1219 1820; x_wconf 85' lang='lat' dir='ltr'>ora</span> <span class='ocrx_word' id='word_1_77' title='bbox 1232 1764 1388 1826; x_wconf 83' lang='lat' dir='ltr'>retexens</span> 
     </span>
     <span class='ocr_line' id='line_1_13' title="bbox 389 1869 1303 1974; baseline -0.001 -29"><span class='ocrx_word' id='word_1_78' title='bbox 389 1877 489 1945; x_wconf 85' lang='lat' dir='ltr'>Luna</span> <span class='ocrx_word' id='word_1_79' title='bbox 505 1872 597 1945; x_wconf 86' lang='lat' dir='ltr'>videt</span> <span class='ocrx_word' id='word_1_80' title='bbox 613 1871 773 1961; x_wconf 85' lang='lat' dir='ltr'>residem,</span> <span class='ocrx_word' id='word_1_81' title='bbox 794 1869 955 1974; x_wconf 85' lang='lat' dir='ltr'>nullaque</span> <span class='ocrx_word' id='word_1_82' title='bbox 974 1871 1173 1942; x_wconf 90' lang='lat' dir='ltr'>Heliconide</span> <span class='ocrx_word' id='word_1_83' title='bbox 1189 1875 1303 1944; x_wconf 81' lang='lat' dir='ltr'>tristes</span> 
     </span>
     <span class='ocr_line' id='line_1_14' title="bbox 388 1991 1244 2090; baseline -0.001 -24"><span class='ocrx_word' id='word_1_84' title='bbox 388 1993 561 2066; x_wconf 88' lang='lat' dir='ltr'>Solantem</span> <span class='ocrx_word' id='word_1_85' title='bbox 578 2018 677 2064; x_wconf 83' lang='lat' dir='ltr'>curas</span> <span class='ocrx_word' id='word_1_86' title='bbox 698 2020 706 2063; x_wconf 92' lang='lat'>:</span> <span class='ocrx_word' id='word_1_87' title='bbox 729 2007 808 2063; x_wconf 90' lang='lat' dir='ltr'>tuus</span> <span class='ocrx_word' id='word_1_88' title='bbox 826 2008 866 2063; x_wconf 89' lang='lat' dir='ltr'>ut</span> <span class='ocrx_word' id='word_1_89' title='bbox 883 1994 968 2063; x_wconf 88' lang='lat' dir='ltr'>mihi</span> <span class='ocrx_word' id='word_1_90' title='bbox 986 1991 1136 2064; x_wconf 87' lang='lat' dir='ltr'>vultibus</span> <span class='ocrx_word' id='word_1_91' title='bbox 1155 1995 1244 2090; x_wconf 87' lang='lat' dir='ltr'>ignis</span> 
     </span>
     <span class='ocr_line' id='line_1_15' title="bbox 389 2096 1280 2210; baseline 0.001 -25"><span class='ocrx_word' id='word_1_92' title='bbox 389 2116 555 2204; x_wconf 84' lang='lat' dir='ltr'>irrubuit,</span> <span class='ocrx_word' id='word_1_93' title='bbox 577 2117 793 2210; x_wconf 88' lang='lat' dir='ltr'>cineremque</span> <span class='ocrx_word' id='word_1_94' title='bbox 810 2112 916 2184; x_wconf 89' lang='lat' dir='ltr'>oculis</span> <span class='ocrx_word' id='word_1_95' title='bbox 934 2114 1154 2186; x_wconf 88' lang='lat' dir='ltr'>humentibus</span> <span class='ocrx_word' id='word_1_96' title='bbox 1172 2096 1280 2187; x_wconf 89' lang='lat' dir='ltr'>hausi.</span> 
     </span>
     <span class='ocr_line' id='line_1_16' title="bbox 388 2235 1256 2337; baseline 0.003 -34"><span class='ocrx_word' id='word_1_97' title='bbox 388 2235 474 2306; x_wconf 91' lang='lat' dir='ltr'>Vilis</span> <span class='ocrx_word' id='word_1_98' title='bbox 488 2238 598 2307; x_wconf 91' lang='lat' dir='ltr'>honos</span> <span class='ocrx_word' id='word_1_99' title='bbox 615 2235 735 2307; x_wconf 90' lang='lat' dir='ltr'>studiis</span> <span class='ocrx_word' id='word_1_100' title='bbox 752 2263 761 2306; x_wconf 77' lang='grc' dir='ltr'><strong><em>ε</em></strong></span> <span class='ocrx_word' id='word_1_101' title='bbox 780 2237 836 2304; x_wconf 82' lang='lat' dir='ltr'>vix</span> <span class='ocrx_word' id='word_1_102' title='bbox 853 2235 924 2305; x_wconf 81' lang='lat' dir='ltr'>haec</span> <span class='ocrx_word' id='word_1_103' title='bbox 941 2235 978 2337; x_wconf 87' lang='lat' dir='ltr'>in</span> <span class='ocrx_word' id='word_1_104' title='bbox 999 2261 1141 2306; x_wconf 83' lang='lat' dir='ltr'>munera</span> <span class='ocrx_word' id='word_1_105' title='bbox 1161 2235 1256 2307; x_wconf 87' lang='lat' dir='ltr'>solvo</span> 
     </span>
     <span class='ocr_line' id='line_1_17' title="bbox 386 2354 1338 2452; baseline 0.003 -25"><span class='ocrx_word' id='word_1_106' title='bbox 386 2357 539 2427; x_wconf 90' lang='lat' dir='ltr'>Primum</span> <span class='ocrx_word' id='word_1_107' title='bbox 554 2359 727 2447; x_wconf 83' lang='lat' dir='ltr'>animum,</span> <span class='ocrx_word' id='word_1_108' title='bbox 741 2357 921 2450; x_wconf 86' lang='lat' dir='ltr'>tacitisque</span> <span class='ocrx_word' id='word_1_109' title='bbox 935 2356 1040 2426; x_wconf 92' lang='lat' dir='ltr'>situm</span> <span class='ocrx_word' id='word_1_110' title='bbox 1058 2354 1228 2452; x_wconf 89' lang='lat' dir='ltr'>depellere</span> <span class='ocrx_word' id='word_1_111' title='bbox 1245 2361 1338 2430; x_wconf 90' lang='lat' dir='ltr'>euris</span> 
     </span>
     <span class='ocr_line' id='line_1_18' title="bbox 385 2474 1237 2567; baseline -0.001 -18"><span class='ocrx_word' id='word_1_112' title='bbox 385 2479 487 2549; x_wconf 82' lang='lat' dir='ltr'>Nunc</span> <span class='ocrx_word' id='word_1_113' title='bbox 506 2478 608 2547; x_wconf 90' lang='lat' dir='ltr'>etiam</span> <span class='ocrx_word' id='word_1_114' title='bbox 625 2476 757 2548; x_wconf 85' lang='lat' dir='ltr'>labente</span> <span class='ocrx_word' id='word_1_115' title='bbox 779 2501 899 2567; x_wconf 87' lang='lat' dir='ltr'>manu,</span> <span class='ocrx_word' id='word_1_116' title='bbox 916 2500 978 2546; x_wconf 88' lang='lat' dir='ltr'>nec</span> <span class='ocrx_word' id='word_1_117' title='bbox 999 2474 1129 2546; x_wconf 90' lang='lat' dir='ltr'>lumine</span> <span class='ocrx_word' id='word_1_118' title='bbox 1147 2478 1237 2548; x_wconf 91' lang='lat' dir='ltr'>sicco</span> 
     </span>
     <span class='ocr_line' id='line_1_19' title="bbox 385 2595 1208 2696; baseline 0.002 -28"><span class='ocrx_word' id='word_1_119' title='bbox 385 2598 528 2685; x_wconf 89' lang='lat' dir='ltr'>Ordior,</span> <span class='ocrx_word' id='word_1_120' title='bbox 549 2597 686 2667; x_wconf 85' lang='lat' dir='ltr'>acclinis</span> <span class='ocrx_word' id='word_1_121' title='bbox 706 2595 922 2696; x_wconf 84' lang='lat' dir='ltr'>tumuloque</span> <span class='ocrx_word' id='word_1_122' title='bbox 942 2596 1046 2668; x_wconf 90' lang='lat' dir='ltr'>molle</span> <span class='ocrx_word' id='word_1_123' title='bbox 1063 2598 1208 2693; x_wconf 85' lang='lat' dir='ltr'>quiescis</span> 
     </span>
     <span class='ocr_line' id='line_1_20' title="bbox 384 2719 1180 2814; baseline 0.003 -27"><span class='ocrx_word' id='word_1_124' title='bbox 384 2722 509 2814; x_wconf 84' lang='lat' dir='ltr'>Jugera</span> <span class='ocrx_word' id='word_1_125' title='bbox 525 2732 642 2788; x_wconf 89' lang='lat' dir='ltr'>nostra</span> <span class='ocrx_word' id='word_1_126' title='bbox 658 2733 794 2806; x_wconf 89' lang='lat' dir='ltr'>tenens;</span> <span class='ocrx_word' id='word_1_127' title='bbox 811 2719 870 2788; x_wconf 92' lang='lat' dir='ltr'>ubi</span> <span class='ocrx_word' id='word_1_128' title='bbox 890 2733 966 2813; x_wconf 90' lang='lat' dir='ltr'>post</span> <span class='ocrx_word' id='word_1_129' title='bbox 982 2719 1099 2789; x_wconf 84' lang='lat' dir='ltr'>AEneia</span> <span class='ocrx_word' id='word_1_130' title='bbox 1112 2719 1180 2789; x_wconf 82' lang='lat' dir='ltr'>fata</span> 
     </span>
     <span class='ocr_line' id='line_1_21' title="bbox 385 2837 1143 2934; baseline 0.003 -26"><span class='ocrx_word' id='word_1_131' title='bbox 385 2837 536 2927; x_wconf 78' lang='lat' dir='ltr'>Sotacus,</span> <span class='ocrx_word' id='word_1_132' title='bbox 550 2839 657 2910; x_wconf 87' lang='lat' dir='ltr'>Latiis</span> <span class='ocrx_word' id='word_1_133' title='bbox 676 2839 817 2934; x_wconf 85' lang='lat' dir='ltr'>ingessit</span> <span class='ocrx_word' id='word_1_134' title='bbox 830 2840 1003 2909; x_wconf 91' lang='lat' dir='ltr'>montibus</span> <span class='ocrx_word' id='word_1_135' title='bbox 1021 2838 1143 2910; x_wconf 85' lang='lat' dir='ltr'>Albam</span> 
     </span>
     <span class='ocr_line' id='line_1_22' title="bbox 383 2959 1336 3060; baseline 0.006 -30"><span class='ocrx_word' id='word_1_136' title='bbox 383 2960 565 3048; x_wconf 81' lang='lat' dir='ltr'>Ascanius,</span> <span class='ocrx_word' id='word_1_137' title='bbox 583 2959 733 3056; x_wconf 84' lang='lat' dir='ltr'>Phrygio</span> <span class='ocrx_word' id='word_1_138' title='bbox 747 2959 830 3030; x_wconf 90' lang='lat' dir='ltr'>dum</span> <span class='ocrx_word' id='word_1_139' title='bbox 850 2961 995 3058; x_wconf 84' lang='lat' dir='ltr'>pingues</span> <span class='ocrx_word' id='word_1_140' title='bbox 1015 2963 1178 3057; x_wconf 84' lang='lat' dir='ltr'>sanguine</span> <span class='ocrx_word' id='word_1_141' title='bbox 1196 2987 1336 3060; x_wconf 86' lang='lat' dir='ltr'>campos</span> 
     </span>
     <span class='ocr_line' id='line_1_23' title="bbox 384 3078 1174 3176; baseline 0.005 -28"><span class='ocrx_word' id='word_1_142' title='bbox 384 3078 484 3167; x_wconf 89' lang='lat' dir='ltr'>Odit,</span> <span class='ocrx_word' id='word_1_143' title='bbox 501 3079 704 3152; x_wconf 83' lang='lat' dir='ltr'>et&#39;infaustae</span> <span class='ocrx_word' id='word_1_144' title='bbox 719 3105 863 3176; x_wconf 89' lang='lat' dir='ltr'>regnum</span> <span class='ocrx_word' id='word_1_145' title='bbox 881 3080 993 3151; x_wconf 84' lang='lat' dir='ltr'>dotale</span> <span class='ocrx_word' id='word_1_146' title='bbox 1012 3107 1174 3152; x_wconf 86' lang='lat' dir='ltr'>novercae.</span> 
     </span>
    </p>

    <p class='ocr_par' dir='ltr' id='par_1_4' title="bbox 382 3199 1167 3299">
     <span class='ocr_line' id='line_1_24' title="bbox 382 3199 1167 3299; baseline 0.005 -30"><span class='ocrx_word' id='word_1_147' title='bbox 382 3201 444 3270; x_wconf 89' lang='lat' dir='ltr'>His</span> <span class='ocrx_word' id='word_1_148' title='bbox 464 3226 527 3296; x_wconf 90' lang='lat' dir='ltr'>ego</span> <span class='ocrx_word' id='word_1_149' title='bbox 545 3214 578 3271; x_wconf 83' lang='lat' dir='ltr'>te</span> <span class='ocrx_word' id='word_1_150' title='bbox 594 3199 693 3299; x_wconf 87' lang='lat' dir='ltr'>(nam</span> <span class='ocrx_word' id='word_1_151' title='bbox 713 3202 839 3272; x_wconf 86' lang='lat' dir='ltr'>Sicanii</span> <span class='ocrx_word' id='word_1_152' title='bbox 856 3227 925 3272; x_wconf 94' lang='lat' dir='ltr'>non</span> <span class='ocrx_word' id='word_1_153' title='bbox 942 3203 1057 3272; x_wconf 90' lang='lat' dir='ltr'>mitius</span> <span class='ocrx_word' id='word_1_154' title='bbox 1074 3202 1167 3273; x_wconf 84' lang='lat' dir='ltr'>halat</span> 
     </span>
    </p>

    <p class='ocr_par' dir='ltr' id='par_1_5' title="bbox 381 3321 1134 3412">
     <span class='ocr_line' id='line_1_25' title="bbox 381 3321 1134 3412; baseline 0.005 -21"><span class='ocrx_word' id='word_1_155' title='bbox 381 3323 472 3391; x_wconf 75' lang='lat' dir='ltr'>Aura</span> <span class='ocrx_word' id='word_1_156' title='bbox 490 3324 600 3412; x_wconf 87' lang='lat' dir='ltr'>croci,</span> <span class='ocrx_word' id='word_1_157' title='bbox 618 3321 705 3392; x_wconf 90' lang='lat' dir='ltr'>dites</span> <span class='ocrx_word' id='word_1_158' title='bbox 723 3348 786 3392; x_wconf 92' lang='lat' dir='ltr'>uec</span> <span class='ocrx_word' id='word_1_159' title='bbox 803 3323 912 3393; x_wconf 91' lang='lat' dir='ltr'>sicubi</span> <span class='ocrx_word' id='word_1_160' title='bbox 928 3347 1006 3392; x_wconf 88' lang='lat' dir='ltr'>rara</span> <span class='ocrx_word' id='word_1_161' title='bbox 1026 3325 1134 3395; x_wconf 76' lang='lat' dir='ltr'>Sabaei</span> 
     </span>
    </p>

    <p class='ocr_par' dir='ltr' id='par_1_6' title="bbox 380 3443 1296 3783">
     <span class='ocr_line' id='line_1_26' title="bbox 380 3443 1296 3546; baseline 0.009 -34"><span class='ocrx_word' id='word_1_162' title='bbox 380 3443 562 3534; x_wconf 80' lang='lat' dir='ltr'>Cinnema,</span> <span class='ocrx_word' id='word_1_163' title='bbox 581 3443 740 3515; x_wconf 86' lang='lat' dir='ltr'>odoratus</span> <span class='ocrx_word' id='word_1_164' title='bbox 759 3469 822 3514; x_wconf 90' lang='lat' dir='ltr'>nec</span> <span class='ocrx_word' id='word_1_165' title='bbox 842 3445 952 3515; x_wconf 82' lang='lat' dir='ltr'>Arabs</span> <span class='ocrx_word' id='word_1_166' title='bbox 970 3443 1136 3543; x_wconf 85' lang='lat' dir='ltr'>decerpsit</span> <span class='ocrx_word' id='word_1_167' title='bbox 1153 3450 1296 3546; x_wconf 84' lang='lat' dir='ltr'>aristas)</span> 
     </span>
     <span class='ocr_line' id='line_1_27' title="bbox 381 3559 1245 3665; baseline 0.008 -33"><span class='ocrx_word' id='word_1_168' title='bbox 381 3565 552 3634; x_wconf 89' lang='lat' dir='ltr'>Insertum</span> <span class='ocrx_word' id='word_1_169' title='bbox 572 3591 651 3635; x_wconf 91' lang='lat' dir='ltr'>cum</span> <span class='ocrx_word' id='word_1_170' title='bbox 668 3564 768 3635; x_wconf 85' lang='lat' dir='ltr'>laude</span> <span class='ocrx_word' id='word_1_171' title='bbox 783 3564 886 3656; x_wconf 90' lang='lat' dir='ltr'>locis,</span> <span class='ocrx_word' id='word_1_172' title='bbox 907 3559 940 3637; x_wconf 87' lang='lat' dir='ltr'>te</span> <span class='ocrx_word' id='word_1_173' title='bbox 958 3570 1107 3664; x_wconf 86' lang='lat' dir='ltr'>carmine</span> <span class='ocrx_word' id='word_1_174' title='bbox 1120 3567 1245 3665; x_wconf 90' lang='lat' dir='ltr'>plango</span> 
     </span>
     <span class='ocr_line' id='line_1_28' title="bbox 381 3677 1217 3783; baseline 0.01 -30"><span class='ocrx_word' id='word_1_175' title='bbox 381 3685 492 3755; x_wconf 90' lang='lat' dir='ltr'>Pierio</span> <span class='ocrx_word' id='word_1_176' title='bbox 510 3710 519 3754; x_wconf 75' lang='grc' dir='ltr'><strong><em>ε</em></strong></span> <span class='ocrx_word' id='word_1_177' title='bbox 536 3711 632 3757; x_wconf 88' lang='lat' dir='ltr'>sume</span> <span class='ocrx_word' id='word_1_178' title='bbox 649 3688 712 3757; x_wconf 90' lang='lat' dir='ltr'>hos</span> <span class='ocrx_word' id='word_1_179' title='bbox 731 3677 897 3783; x_wconf 84' lang='lat' dir='ltr'>gemitus,</span> <span class='ocrx_word' id='word_1_180' title='bbox 917 3703 949 3758; x_wconf 90' lang='lat' dir='ltr'>et</span> <span class='ocrx_word' id='word_1_181' title='bbox 970 3714 1112 3760; x_wconf 87' lang='lat' dir='ltr'>munera</span> <span class='ocrx_word' id='word_1_182' title='bbox 1129 3693 1217 3778; x_wconf 86' lang='lat' dir='ltr'>nati,</span> 
     </span>
    </p>

    <p class='ocr_par' dir='ltr' id='par_1_7' title="bbox 380 3797 1367 3908">
     <span class='ocr_line' id='line_1_29' title="bbox 380 3797 1367 3908; baseline 0.009 -33"><span class='ocrx_word' id='word_1_183' title='bbox 380 3809 426 3875; x_wconf 88' lang='lat' dir='ltr'>Et</span> <span class='ocrx_word' id='word_1_184' title='bbox 445 3805 625 3904; x_wconf 81' lang='lat' dir='ltr'>lacrymas,</span> <span class='ocrx_word' id='word_1_185' title='bbox 644 3811 713 3878; x_wconf 88' lang='lat' dir='ltr'>cari</span> <span class='ocrx_word' id='word_1_186' title='bbox 731 3834 815 3903; x_wconf 85' lang='lat' dir='ltr'>quas</span> <span class='ocrx_word' id='word_1_187' title='bbox 833 3834 1010 3905; x_wconf 86' lang='lat' dir='ltr'>nunquam</span> <span class='ocrx_word' id='word_1_188' title='bbox 1030 3813 1178 3882; x_wconf 87' lang='lat' dir='ltr'>habuere</span> <span class='ocrx_word' id='word_1_189' title='bbox 1197 3797 1367 3908; x_wconf 53' lang='lat' dir='ltr'>parentis.</span> 
     </span>
    </p>

    <p class='ocr_par' dir='ltr' id='par_1_8' title="bbox 375 3930 1319 4152">
     <span class='ocr_line' id='line_1_30' title="bbox 428 3930 1319 4034; baseline 0.008 -35"><span class='ocrx_word' id='word_1_190' title='bbox 428 3931 540 4023; x_wconf 84' lang='lat' dir='ltr'>Atque</span> <span class='ocrx_word' id='word_1_191' title='bbox 560 3931 691 4000; x_wconf 88' lang='lat' dir='ltr'>utinam</span> <span class='ocrx_word' id='word_1_192' title='bbox 711 3930 847 4002; x_wconf 87' lang='lat' dir='ltr'>fortuna</span> <span class='ocrx_word' id='word_1_193' title='bbox 864 3933 947 4003; x_wconf 81' lang='lat' dir='ltr'>milri</span> <span class='ocrx_word' id='word_1_194' title='bbox 966 3935 1045 4034; x_wconf 85' lang='lat' dir='ltr'>dare</span> <span class='ocrx_word' id='word_1_195' title='bbox 1063 3934 1222 4005; x_wconf 84' lang='lat' dir='ltr'>Manibus</span> <span class='ocrx_word' id='word_1_196' title='bbox 1242 3961 1319 4007; x_wconf 81' lang='lat' dir='ltr'>aras</span> 
     </span>
     <span class='ocr_line' id='line_1_31' title="bbox 375 4049 1241 4152; baseline 0.009 -32"><span class='ocrx_word' id='word_1_197' title='bbox 375 4049 444 4120; x_wconf 69' lang='lat' dir='ltr'>&#39;Par</span> <span class='ocrx_word' id='word_1_198' title='bbox 462 4050 597 4146; x_wconf 89' lang='lat' dir='ltr'>templis</span> <span class='ocrx_word' id='word_1_199' title='bbox 617 4077 725 4152; x_wconf 92' lang='lat' dir='ltr'>opus,</span> <span class='ocrx_word' id='word_1_200' title='bbox 745 4055 937 4151; x_wconf 84' lang='lat' dir='ltr'>aeriamque</span> <span class='ocrx_word' id='word_1_201' title='bbox 956 4057 1098 4128; x_wconf 86' lang='lat' dir='ltr'>educere</span> <span class='ocrx_word' id='word_1_202' title='bbox 1117 4055 1241 4128; x_wconf 91' lang='lat' dir='ltr'>molem</span> 
     </span>
    </p>
   </div>
   <div class='ocr_carea' id='block_1_3' title="bbox 0 0 1582 5138">
    <p class='ocr_par' dir='ltr' id='par_1_9' title="bbox 0 0 1582 5138">
     <span class='ocr_line' id='line_1_32' title="bbox 0 0 1582 5138; baseline 0 6"><span class='ocrx_word' id='word_1_203' title='bbox 0 0 1582 5138; x_wconf 95' lang='lat' dir='ltr'> </span> 
     </span>
    </p>
   </div>
  </div>
 </body>
</html>
