3094 5140
393 465 451 522 τιὸ
693 459 910 520 ΤΗΕΒΔΙΒΟῧ
930 459 1041 518 um
1064 461 1119 518 X]-
1341 464 1464 526 (mss.)

390 595 466 662 Jam
487 603 597 660 tacet:
616 601 800 682 erumpunt
816 587 983 682 gemitus,
1001 585 1233 682 lau-ymasque
1251 589 1395 660 latetur

391 709 503 782 Caesis
521 735 529 778 ε
547 709 671 778 hebent
690 708 747 778 irae
764 733 773 776 ε
791 707 984 802 pariterque
999 722 1034 776 et
1051 707 1145 776 abire
1162 726 1376 798 nocentem,

392 834 438 902 Et
456 832 586 900 venisse
603 827 729 924 pudet;
746 827 859 900 subito
878 853 985 922 quum
999 843 1107 898 matre
1128 829 1263 924 repulsa

390 950 551 1023 Eumenis
568 950 667 1045 ejecit
684 947 799 1020 fractis
818 946 977 1020 Eteoclea
996 951 1104 1044 portis

391 1073 620 1161 Clamantem,
634 1075 792 1158 «Venio,
808 1071 1005 1168 solumque,
1022 1072 1116 1168 quod
1132 1063 1211 1144 ante
1227 1078 1386 1165 vocasti,
1536 1075 1537 1100 ³

391 1195 533 1266 Invideo
548 1221 558 1265 a
576 1220 619 1268 ne
637 1196 765 1266 incesse
781 1219 913 1283 moras,
931 1195 1043 1290 gravis
1062 1219 1156 1265 arma
1174 1197 1315 1267 tenebat
1536 1175 1537 1196 Χ

391 1302 503 1388 Mater
519 1343 527 1387 :
545 1319 578 1388 io
597 1319 728 1414 patria,
745 1342 768 1387 o
788 1341 907 1413 regum
924 1317 1147 1388 incertissima
1163 1317 1283 1405 tellus,

390 1439 493 1511 Nunc
511 1453 602 1510 certe
622 1439 757 1510 victoris
776 1439 852 1508 erin
868 1466 885 1504 a
902 1437 975 1510 Nec
993 1439 1109 1511 mitior
1127 1437 1199 1530 ille,

392 1561 577 1646 «Tandem,
585 1560 706 1656 inquit,
714 1562 790 1648 scis,
797 1585 892 1650 euve,
898 1559 1241 1634 fidemletdesoendis
1248 1566 1286 1634 in
1293 1567 1459 1660 aequum?

392 1685 425 1752 Ο
442 1682 525 1751 mihi
543 1707 634 1754 nunc
653 1683 800 1776 primum
818 1677 921 1776 longo
938 1696 1017 1776 post
1034 1697 1186 1778 tempore
1203 1685 1323 1774 frater,

393 1801 606 1898 Congredere
621 1828 630 1870 :
645 1802 697 1872 hoe
713 1801 822 1898 leges,
841 1802 913 1872 haec
933 1800 1060 1872 foerlera
1077 1803 1149 1873 sola
1167 1823 1371 1899 supersunt.
1390 1841 1408 1875 s

441 1924 497 1994 Sic
513 1921 635 1994 hostile
655 1937 751 1994 tuens
768 1923 934 1994 fiunem:
955 1948 1102 2018 namque
1122 1926 1233 1994 uritur
1252 1923 1326 1996 alto

392 2045 524 2136 Corde,
541 2043 634 2140 quod
652 2045 821 2116 innumeri
838 2045 997 2133 comites,
1014 2044 1107 2139 quod
1125 2048 1218 2140 regia
1238 2051 1369 2135 cassis,

392 2170 625 2260 instratusque
641 2179 736 2236 ostro
754 2166 906 2260 sonipes,
924 2163 1019 2259 quod
1038 2163 1133 2236 fulva
1148 2165 1286 2237 metallo

393 2292 515 2360 Parma
531 2289 631 2360 micet
643 2313 653 2360 t
666 2311 862 2382 quanquam
876 2285 969 2356 haud
985 2288 1089 2356 armis
1102 2287 1293 2358 inhonorus
1309 2305 1346 2359 et
1360 2291 1455 2384 ipse,

393 2411 465 2481 Nec
484 2407 573 2507 palla
591 2408 731 2506 vulgare
750 2407 889 2480 nitens:
906 2433 996 2502 opus
1014 2409 1087 2503 ipsa
1103 2424 1247 2478 novarat

393 2531 550 2602 Maeoniis
569 2531 675 2627 Argia
696 2528 824 2618 modis,
841 2543 875 2600 et
891 2527 1012 2624 pollice
1029 2528 1129 2599 docto

393 2652 545 2722 Stamina
562 2673 739 2746 purpurae
757 2651 942 2720 sociaverat
957 2674 1059 2720 aurea
1080 2649 1164 2720 telae.

441 2775 582 2868 Jamque
600 2773 636 2842 in
654 2769 852 2866 pulvereum
867 2772 977 2842 Furiis
993 2772 1211 2843 hortantibus
1231 2797 1350 2867 equor

393 2891 601 2965 Pmsiliunt:
618 2919 680 2964 sua
697 2918 865 2988 quemque
881 2917 993 2964 comes
1009 2892 1240 2988 stimulatque,
1256 2897 1431 2991 regitque„

393 3019 502 3085 Frena
521 3030 636 3086 tenent
652 3015 750 3110 ipsu,
767 3011 1007 3110 phalerasque,
1025 3029 1060 3084 et
1077 3011 1188 3084 lucida
1202 3030 1345 3085 comunt

393 3141 497 3208 Anna
515 3161 637 3226 manu,
653 3136 833 3232 mixtisque
847 3137 946 3231 jubas
965 3136 1177 3232 serpentibus
1193 3153 1331 3232 augent.

395 3262 468 3329 Stat
485 3259 772 3356 consanguineum
789 3282 909 3353 campo
929 3256 1054 3346 scelus,
1073 3259 1175 3328 unius
1195 3261 1313 3354 ingens

394 3379 525 3452 Bellum
543 3383 654 3469 uteri,
674 3394 867 3478 coeuntque
884 3404 982 3474 pares
998 3379 1061 3450 sub
1082 3379 1209 3450 casside
1225 3377 1351 3449 vultus.

395 3503 500 3597 Signa
515 3515 643 3590 tacent,
660 3499 783 3574 siluere
801 3501 910 3590 tuba,
927 3497 1179 3594 stupefactaque
1195 3500 1315 3569 Iliartis

395 3625 558 3694 Cornua:
579 3638 631 3696 ter
647 3623 752 3718 nigris
771 3621 890 3694 auidus
909 3635 1069 3718 regnator
1088 3621 1130 3690 ab
1147 3623 1216 3692 oris

396 3745 569 3832 Intonuit,
587 3759 706 3839 terque
723 3745 791 3814 ima
808 3742 871 3816 soli
888 3743 1080 3830 concussit,
1096 3757 1130 3812 et
1144 3743 1207 3838 ipsi

395 3870 577 3936 Armorum
592 3865 708 3962 fugere
724 3866 788 3938 Dei
806 3891 814 3935 ε
834 3888 1002 3959 nuquam
1017 3863 1142 3959 inclyta
1157 3865 1275 3934 Virtus
1290 3887 1299 3930 ε

395 3986 562 4057 Restinxit
580 3985 718 4058 Bellona
738 3985 844 4076 saces3
867 3985 1036 4084 longeque
1053 3999 1211 4080 paventes
1248 4007 1254 4024 ·

395 4109 488 4176 Mars
508 4110 620 4204 rapuit
639 4133 777 4199 currus3
798 4125 830 4182 et
849 4111 1010 4202 Gorgone
1029 4106 1132 4177 cruda
1151 4107 1264 4201 virago
