<?xml version="1.0" encoding="UTF-8"?>
<!DOCTYPE html PUBLIC "-//W3C//DTD XHTML 1.0 Transitional//EN"
    "http://www.w3.org/TR/xhtml1/DTD/xhtml1-transitional.dtd">
<html xmlns="http://www.w3.org/1999/xhtml" xml:lang="en" lang="en">
 <head>
  <title>
</title>
<meta http-equiv="Content-Type" content="text/html;charset=utf-8" />
  <meta name='ocr-system' content='tesseract 3.04.00' />
  <meta name='ocr-capabilities' content='ocr_page ocr_carea ocr_par ocr_line ocrx_word'/>
</head>
<body>
  <div class='ocr_page' id='page_1' title='image "./operaquaeextant00dbgoog_0539.png"; bbox 0 0 3094 5140; ppageno 0'>
   <div class='ocr_carea' id='block_1_1' title="bbox 370 391 1425 458">
    <p class='ocr_par' dir='ltr' id='par_1_1' title="bbox 370 391 1425 458">
     <span class='ocr_line' id='line_1_1' title="bbox 370 391 1425 458; baseline -0.009 -8"><span class='ocrx_word' id='word_1_1' title='bbox 370 412 427 450; x_wconf 74' lang='lat'><strong>200</strong></span> <span class='ocrx_word' id='word_1_2' title='bbox 691 391 908 450; x_wconf 81' lang='lat' dir='ltr'><strong>ruaeunos</strong></span> <span class='ocrx_word' id='word_1_3' title='bbox 929 393 1043 448; x_wconf 82' lang='lat' dir='ltr'><strong>uena</strong></span> <span class='ocrx_word' id='word_1_4' title='bbox 1064 393 1102 450; x_wconf 85' lang='lat' dir='ltr'><strong>x.</strong></span> <span class='ocrx_word' id='word_1_5' title='bbox 1307 395 1339 454; x_wconf 75' lang='lat' dir='ltr'><strong>a.</strong></span> <span class='ocrx_word' id='word_1_6' title='bbox 1356 395 1425 458; x_wconf 60' lang='lat' dir='ltr'><strong>ses.)</strong></span> 
     </span>
    </p>
   </div>
   <div class='ocr_carea' id='block_1_2' title="bbox 341 513 1532 2309">
    <p class='ocr_par' dir='ltr' id='par_1_2' title="bbox 341 513 1337 734">
     <span class='ocr_line' id='line_1_2' title="bbox 368 513 1337 613; baseline 0 -25"><span class='ocrx_word' id='word_1_7' title='bbox 368 520 506 608; x_wconf 84' lang='lat' dir='ltr'><strong>Quosve</strong></span> <span class='ocrx_word' id='word_1_8' title='bbox 525 542 589 613; x_wconf 89' lang='lat' dir='ltr'><strong>ego</strong></span> <span class='ocrx_word' id='word_1_9' title='bbox 606 532 807 612; x_wconf 79' lang='lat' dir='ltr'><strong>conceptus,</strong></span> <span class='ocrx_word' id='word_1_10' title='bbox 829 531 888 588; x_wconf 89' lang='lat' dir='ltr'><strong>aut</strong></span> <span class='ocrx_word' id='word_1_11' title='bbox 905 526 979 611; x_wconf 75' lang='lat' dir='ltr'><strong>quei</strong></span> <span class='ocrx_word' id='word_1_12' title='bbox 996 513 1084 586; x_wconf 84' lang='lat' dir='ltr'><strong>&#39;rnale</strong></span> <span class='ocrx_word' id='word_1_13' title='bbox 1103 517 1247 612; x_wconf 84' lang='lat' dir='ltr'><strong>pignora</strong></span> <span class='ocrx_word' id='word_1_14' title='bbox 1263 519 1337 588; x_wconf 78' lang='lat' dir='ltr'><strong>fudi</strong></span> 
     </span>
     <span class='ocr_line' id='line_1_3' title="bbox 341 637 1226 734; baseline -0.002 -22"><span class='ocrx_word' id='word_1_15' title='bbox 341 703 345 712; x_wconf 89' lang='lat'><em>.</em></span> <span class='ocrx_word' id='word_1_16' title='bbox 367 642 451 710; x_wconf 88' lang='lat' dir='ltr'><strong>Tam</strong></span> <span class='ocrx_word' id='word_1_17' title='bbox 471 639 604 709; x_wconf 85' lang='lat' dir='ltr'><strong>diversa</strong></span> <span class='ocrx_word' id='word_1_18' title='bbox 621 637 728 708; x_wconf 80' lang='lat' dir='ltr'><strong>mihil</strong></span> <span class='ocrx_word' id='word_1_19' title='bbox 743 639 905 708; x_wconf 90' lang='lat' dir='ltr'><strong>nimirum</strong></span> <span class='ocrx_word' id='word_1_20' title='bbox 923 639 1069 729; x_wconf 79' lang='lat' dir='ltr'><strong>Martius</strong></span> <span class='ocrx_word' id='word_1_21' title='bbox 1089 641 1226 734; x_wconf 83' lang='lat' dir='ltr'><strong>anguis,</strong></span> 
     </span>
    </p>

    <p class='ocr_par' dir='ltr' id='par_1_3' title="bbox 368 758 1237 856">
     <span class='ocr_line' id='line_1_4' title="bbox 368 758 1237 856; baseline -0.003 -25"><span class='ocrx_word' id='word_1_22' title='bbox 368 762 522 856; x_wconf 72' lang='lat' dir='ltr'><strong>Quaeque</strong></span> <span class='ocrx_word' id='word_1_23' title='bbox 539 761 635 830; x_wconf 88' lang='lat' dir='ltr'><strong>novis</strong></span> <span class='ocrx_word' id='word_1_24' title='bbox 652 784 818 856; x_wconf 85' lang='lat' dir='ltr'><strong>proavum</strong></span> <span class='ocrx_word' id='word_1_25' title='bbox 839 758 938 830; x_wconf 88' lang='lat' dir='ltr'><strong>tellus</strong></span> <span class='ocrx_word' id='word_1_26' title='bbox 958 758 1108 830; x_wconf 88' lang='lat' dir='ltr'><strong>effloruit</strong></span> <span class='ocrx_word' id='word_1_27' title='bbox 1125 761 1237 830; x_wconf 87' lang='lat' dir='ltr'><strong>armis.</strong></span> 
     </span>
    </p>

    <p class='ocr_par' dir='ltr' id='par_1_4' title="bbox 367 880 1317 976">
     <span class='ocr_line' id='line_1_5' title="bbox 367 880 1317 976; baseline -0.002 -24"><span class='ocrx_word' id='word_1_28' title='bbox 367 883 456 952; x_wconf 89' lang='lat' dir='ltr'><strong>Hinc</strong></span> <span class='ocrx_word' id='word_1_29' title='bbox 473 883 578 951; x_wconf 88' lang='lat' dir='ltr'><strong>animi</strong></span> <span class='ocrx_word' id='word_1_30' title='bbox 596 883 721 969; x_wconf 81' lang='lat' dir='ltr'><strong>tristes,</strong></span> <span class='ocrx_word' id='word_1_31' title='bbox 739 880 931 975; x_wconf 86' lang='lat' dir='ltr'><strong>nimiusque</strong></span> <span class='ocrx_word' id='word_1_32' title='bbox 950 881 985 971; x_wconf 83' lang='lat' dir='ltr'><strong>ip</strong></span> <span class='ocrx_word' id='word_1_33' title='bbox 1002 896 1139 976; x_wconf 80' lang='lat' dir='ltr'>pectore</span> <span class='ocrx_word' id='word_1_34' title='bbox 1158 884 1317 962; x_wconf 82' lang='lat' dir='ltr'><strong>Mavors,</strong></span> 
     </span>
    </p>

    <p class='ocr_par' dir='ltr' id='par_1_5' title="bbox 367 999 1303 1098">
     <span class='ocr_line' id='line_1_6' title="bbox 367 999 1303 1098; baseline -0.002 -24"><span class='ocrx_word' id='word_1_35' title='bbox 367 1009 410 1074; x_wconf 91' lang='lat' dir='ltr'><strong>Et</strong></span> <span class='ocrx_word' id='word_1_36' title='bbox 429 1003 471 1072; x_wconf 90' lang='lat' dir='ltr'><strong>de</strong></span> <span class='ocrx_word' id='word_1_37' title='bbox 484 1017 592 1073; x_wconf 86' lang='lat' dir='ltr'><strong>matre</strong></span> <span class='ocrx_word' id='word_1_38' title='bbox 610 1001 692 1071; x_wconf 90' lang='lat' dir='ltr'><strong>nihil</strong></span> <span class='ocrx_word' id='word_1_39' title='bbox 710 1027 718 1071; x_wconf 92' lang='lat'><strong>:</strong></span> <span class='ocrx_word' id='word_1_40' title='bbox 741 1017 862 1097; x_wconf 89' lang='lat' dir='ltr'><strong>sponte</strong></span> <span class='ocrx_word' id='word_1_41' title='bbox 877 1026 920 1071; x_wconf 97' lang='lat' dir='ltr'><strong>en</strong></span> <span class='ocrx_word' id='word_1_42' title='bbox 935 999 1092 1096; x_wconf 89' lang='lat' dir='ltr'><strong>ultroque</strong></span> <span class='ocrx_word' id='word_1_43' title='bbox 1109 1019 1303 1098; x_wconf 81' lang='lat' dir='ltr'><strong>peremptus</strong></span> 
     </span>
    </p>

    <p class='ocr_par' dir='ltr' id='par_1_6' title="bbox 367 1120 1157 1226">
     <span class='ocr_line' id='line_1_7' title="bbox 367 1120 1157 1226; baseline -0.003 -32"><span class='ocrx_word' id='word_1_44' title='bbox 367 1126 534 1220; x_wconf 90' lang='lat' dir='ltr'><strong>lrrumpis</strong></span> <span class='ocrx_word' id='word_1_45' title='bbox 553 1137 686 1194; x_wconf 87' lang='lat' dir='ltr'><strong>moestas</strong></span> <span class='ocrx_word' id='word_1_46' title='bbox 705 1123 785 1226; x_wconf 80' lang='lat' dir='ltr'><strong>fatis</strong></span> <span class='ocrx_word' id='word_1_47' title='bbox 799 1120 993 1196; x_wconf 90' lang='lat' dir='ltr'><strong>nolentibus</strong></span> <span class='ocrx_word' id='word_1_48' title='bbox 1010 1123 1157 1193; x_wconf 86' lang='lat' dir='ltr'><strong>umbras.</strong></span> 
     </span>
    </p>

    <p class='ocr_par' dir='ltr' id='par_1_7' title="bbox 366 1242 1240 1348">
     <span class='ocr_line' id='line_1_8' title="bbox 366 1242 1240 1348; baseline -0.006 -30"><span class='ocrx_word' id='word_1_49' title='bbox 366 1249 428 1319; x_wconf 82' lang='lat' dir='ltr'><strong>Ast</strong></span> <span class='ocrx_word' id='word_1_50' title='bbox 445 1260 579 1342; x_wconf 80' lang='lat' dir='ltr'><strong>egomet</strong></span> <span class='ocrx_word' id='word_1_51' title='bbox 597 1248 734 1316; x_wconf 90' lang='lat' dir='ltr'><strong>Danaos</strong></span> <span class='ocrx_word' id='word_1_52' title='bbox 739 1263 749 1333; x_wconf 84' lang='lat'><strong>,&#39;</strong></span> <span class='ocrx_word' id='word_1_53' title='bbox 769 1246 994 1339; x_wconf 83' lang='lat' dir='ltr'><strong>Capaneaque</strong></span> <span class='ocrx_word' id='word_1_54' title='bbox 1009 1242 1077 1348; x_wconf 81' lang='lat' dir='ltr'><strong>tela</strong></span> <span class='ocrx_word' id='word_1_55' title='bbox 1092 1245 1240 1314; x_wconf 87' lang='lat' dir='ltr'><strong>verebar.</strong></span> 
     </span>
    </p>

    <p class='ocr_par' dir='ltr' id='par_1_8' title="bbox 368 1363 1532 1586">
     <span class='ocr_line' id='line_1_9' title="bbox 370 1363 1532 1460; baseline 0 -24"><span class='ocrx_word' id='word_1_56' title='bbox 370 1371 547 1452; x_wconf 75' lang='lat' dir='ltr'><strong>Haeserat,</strong></span> <span class='ocrx_word' id='word_1_57' title='bbox 560 1367 631 1434; x_wconf 80' lang='lat' dir='ltr'><strong>haee</strong></span> <span class='ocrx_word' id='word_1_58' title='bbox 643 1363 823 1454; x_wconf 89' lang='lat' dir='ltr'><strong>metuenda</strong></span> <span class='ocrx_word' id='word_1_59' title='bbox 834 1383 971 1452; x_wconf 81' lang='lat' dir='ltr'><strong>nunus,</strong></span> <span class='ocrx_word' id='word_1_60' title='bbox 984 1363 1197 1460; x_wconf 81' lang='lat' dir='ltr'><strong>ferrumque,</strong></span> <span class='ocrx_word' id='word_1_61' title='bbox 1209 1367 1301 1459; x_wconf 89' lang='lat' dir='ltr'><strong>quod</strong></span> <span class='ocrx_word' id='word_1_62' title='bbox 1312 1391 1427 1436; x_wconf 85' lang='lat' dir='ltr'><strong>amens</strong></span> <span class='ocrx_word' id='word_1_63' title='bbox 1531 1379 1532 1454; x_wconf 71' lang='lat' dir='ltr'><strong>l</strong></span> 
     </span>
     <span class='ocr_line' id='line_1_10' title="bbox 368 1482 1378 1586; baseline -0.001 -30"><span class='ocrx_word' id='word_1_64' title='bbox 368 1491 445 1582; x_wconf 85' lang='lat' dir='ltr'><strong>Ipse</strong></span> <span class='ocrx_word' id='word_1_65' title='bbox 464 1485 564 1556; x_wconf 91' lang='lat' dir='ltr'><strong>dedi:</strong></span> <span class='ocrx_word' id='word_1_66' title='bbox 587 1482 725 1574; x_wconf 86' lang='lat' dir='ltr'><strong>viden’,</strong></span> <span class='ocrx_word' id='word_1_67' title='bbox 739 1500 778 1554; x_wconf 93' lang='lat' dir='ltr'><strong>ut</strong></span> <span class='ocrx_word' id='word_1_68' title='bbox 789 1482 912 1580; x_wconf 91' lang='lat' dir='ltr'><strong>jugulo</strong></span> <span class='ocrx_word' id='word_1_69' title='bbox 933 1487 1158 1555; x_wconf 78' lang='lat' dir='ltr'><strong>consumserit</strong></span> <span class='ocrx_word' id='word_1_70' title='bbox 1174 1487 1312 1586; x_wconf 85' lang='lat' dir='ltr'><strong>ensem?</strong></span> <span class='ocrx_word' id='word_1_71' title='bbox 1376 1533 1378 1540; x_wconf 89' lang='lat'>-</span> 
     </span>
    </p>

    <p class='ocr_par' dir='ltr' id='par_1_9' title="bbox 370 1606 1356 1702">
     <span class='ocr_line' id='line_1_11' title="bbox 370 1606 1356 1702; baseline -0.004 -24"><span class='ocrx_word' id='word_1_72' title='bbox 370 1607 482 1678; x_wconf 85' lang='lat' dir='ltr'><strong>Altius</strong></span> <span class='ocrx_word' id='word_1_73' title='bbox 496 1606 588 1676; x_wconf 88' lang='lat' dir='ltr'><strong>haud</strong></span> <span class='ocrx_word' id='word_1_74' title='bbox 605 1609 784 1702; x_wconf 88' lang='lat' dir='ltr'><strong>quisquam</strong></span> <span class='ocrx_word' id='word_1_75' title='bbox 800 1609 959 1675; x_wconf 90' lang='lat' dir='ltr'><strong>Danaum</strong></span> <span class='ocrx_word' id='word_1_76' title='bbox 977 1631 1140 1676; x_wconf 91' lang='lat' dir='ltr'><strong>mucrone</strong></span> <span class='ocrx_word' id='word_1_77' title='bbox 1158 1607 1313 1678; x_wconf 84' lang='lat' dir='ltr'><strong>subisset.</strong></span> <span class='ocrx_word' id='word_1_78' title='bbox 1328 1641 1356 1674; x_wconf 81' lang='lat'><strong>»-</strong></span> 
     </span>
    </p>

    <p class='ocr_par' dir='ltr' id='par_1_10' title="bbox 417 1726 1294 1822">
     <span class='ocr_line' id='line_1_12' title="bbox 417 1726 1294 1822; baseline 0 -23"><span class='ocrx_word' id='word_1_79' title='bbox 417 1729 554 1799; x_wconf 82' lang='lat' dir='ltr'><strong>Diceret</strong></span> <span class='ocrx_word' id='word_1_80' title='bbox 573 1726 689 1798; x_wconf 83' lang='lat' dir='ltr'><strong>infelix</strong></span> <span class='ocrx_word' id='word_1_81' title='bbox 709 1727 895 1797; x_wconf 80' lang='lat' dir='ltr'><strong>etiamnum</strong></span> <span class='ocrx_word' id='word_1_82' title='bbox 913 1742 946 1795; x_wconf 89' lang='lat' dir='ltr'><strong>et</strong></span> <span class='ocrx_word' id='word_1_83' title='bbox 960 1742 1087 1798; x_wconf 80' lang='lat' dir='ltr'><strong>&#39;cuncta</strong></span> <span class='ocrx_word' id='word_1_84' title='bbox 1104 1727 1248 1822; x_wconf 81' lang='lat' dir='ltr'><strong>repleret</strong></span> <span class='ocrx_word' id='word_1_85' title='bbox 1292 1743 1294 1746; x_wconf 82' lang='grc'><strong>’</strong></span> 
     </span>
    </p>

    <p class='ocr_par' dir='ltr' id='par_1_11' title="bbox 369 1847 1353 1946">
     <span class='ocr_line' id='line_1_13' title="bbox 369 1847 1353 1946; baseline 0 -26"><span class='ocrx_word' id='word_1_86' title='bbox 369 1851 556 1942; x_wconf 89' lang='lat' dir='ltr'><strong>Questibus</strong></span> <span class='ocrx_word' id='word_1_87' title='bbox 575 1877 583 1918; x_wconf 78' lang='grc' dir='ltr'><strong><em>ε</em></strong></span> <span class='ocrx_word' id='word_1_88' title='bbox 605 1849 780 1920; x_wconf 89' lang='lat' dir='ltr'><strong>abducunt</strong></span> <span class='ocrx_word' id='word_1_89' title='bbox 799 1850 955 1932; x_wconf 87' lang='lat' dir='ltr'><strong>comites,</strong></span> <span class='ocrx_word' id='word_1_90' title='bbox 974 1847 1176 1945; x_wconf 75' lang='lat' dir='ltr'><strong>famulaeque</strong></span> <span class='ocrx_word' id='word_1_91' title='bbox 1194 1877 1353 1946; x_wconf 86' lang='lat' dir='ltr'><strong>perosam</strong></span> 
     </span>
    </p>

    <p class='ocr_par' dir='ltr' id='par_1_12' title="bbox 368 1955 1532 2309">
     <span class='ocr_line' id='line_1_14' title="bbox 369 1969 1268 2064; baseline -0.002 -22"><span class='ocrx_word' id='word_1_92' title='bbox 369 1972 522 2042; x_wconf 84' lang='lat' dir='ltr'><strong>Solantes</strong></span> <span class='ocrx_word' id='word_1_93' title='bbox 542 1970 758 2064; x_wconf 88' lang='lat' dir='ltr'><strong>thalamoque</strong></span> <span class='ocrx_word' id='word_1_94' title='bbox 775 1984 917 2039; x_wconf 88' lang='lat' dir='ltr'><strong>tenent:</strong></span> <span class='ocrx_word' id='word_1_95' title='bbox 939 1969 1032 2038; x_wconf 89' lang='lat' dir='ltr'><strong>sedet</strong></span> <span class='ocrx_word' id='word_1_96' title='bbox 1049 1985 1145 2040; x_wconf 86' lang='lat' dir='ltr'><strong>eruta</strong></span> <span class='ocrx_word' id='word_1_97' title='bbox 1161 1971 1268 2042; x_wconf 91' lang='lat' dir='ltr'><strong>multo</strong></span> 
     </span>
     <span class='ocr_line' id='line_1_15' title="bbox 373 2089 1356 2189; baseline 0 -26"><span class='ocrx_word' id='word_1_98' title='bbox 373 2097 492 2189; x_wconf 82' lang='lat' dir='ltr'><strong>Ungue</strong></span> <span class='ocrx_word' id='word_1_99' title='bbox 508 2116 633 2186; x_wconf 87' lang='lat' dir='ltr'><strong>genas:</strong></span> <span class='ocrx_word' id='word_1_100' title='bbox 655 2116 723 2160; x_wconf 93' lang='lat' dir='ltr'><strong>non</strong></span> <span class='ocrx_word' id='word_1_101' title='bbox 742 2089 799 2158; x_wconf 90' lang='lat' dir='ltr'><strong>illa</strong></span> <span class='ocrx_word' id='word_1_102' title='bbox 818 2089 924 2176; x_wconf 91' lang='lat' dir='ltr'><strong>diem,</strong></span> <span class='ocrx_word' id='word_1_103' title='bbox 944 2113 1023 2174; x_wconf 74' lang='lat' dir='ltr'><strong>nonj</strong></span> <span class='ocrx_word' id='word_1_104' title='bbox 1033 2093 1136 2160; x_wconf 88' lang='lat' dir='ltr'><strong>verba</strong></span> <span class='ocrx_word' id='word_1_105' title='bbox 1154 2108 1356 2186; x_wconf 88' lang='lat' dir='ltr'><strong>precantum</strong></span> 
     </span>
     <span class='ocr_line' id='line_1_16' title="bbox 368 2209 1160 2309; baseline -0.003 -25"><span class='ocrx_word' id='word_1_106' title='bbox 368 2215 532 2309; x_wconf 87' lang='lat' dir='ltr'><strong>Respicit,</strong></span> <span class='ocrx_word' id='word_1_107' title='bbox 551 2227 610 2282; x_wconf 86' lang='lat' dir='ltr'><strong>eut</strong></span> <span class='ocrx_word' id='word_1_108' title='bbox 628 2212 718 2282; x_wconf 88' lang='lat' dir='ltr'><strong>visus</strong></span> <span class='ocrx_word' id='word_1_109' title='bbox 736 2212 843 2281; x_wconf 83' lang='lat' dir='ltr'><strong>flectit</strong></span> <span class='ocrx_word' id='word_1_110' title='bbox 860 2209 982 2282; x_wconf 90' lang='lat' dir='ltr'><strong>tellure</strong></span> <span class='ocrx_word' id='word_1_111' title='bbox 1003 2211 1160 2302; x_wconf 91' lang='lat' dir='ltr'><strong>relictos,</strong></span> 
     </span>
    </p>
   </div>
   <div class='ocr_carea' id='block_1_3' title="bbox 368 2334 1270 2556">
    <p class='ocr_par' dir='ltr' id='par_1_13' title="bbox 368 2334 1270 2556">
     <span class='ocr_line' id='line_1_17' title="bbox 368 2334 1270 2431; baseline 0 -27"><span class='ocrx_word' id='word_1_112' title='bbox 368 2340 442 2405; x_wconf 88' lang='lat' dir='ltr'><strong>Jam</strong></span> <span class='ocrx_word' id='word_1_113' title='bbox 462 2335 570 2423; x_wconf 88' lang='lat' dir='ltr'><strong>vocis,</strong></span> <span class='ocrx_word' id='word_1_114' title='bbox 586 2335 657 2428; x_wconf 86' lang='lat' dir='ltr'><strong>jem</strong></span> <span class='ocrx_word' id='word_1_115' title='bbox 677 2334 800 2402; x_wconf 90' lang='lat' dir='ltr'><strong>mentis</strong></span> <span class='ocrx_word' id='word_1_116' title='bbox 817 2335 916 2429; x_wconf 90' lang='lat' dir='ltr'><strong>inops</strong></span> <span class='ocrx_word' id='word_1_117' title='bbox 935 2362 944 2403; x_wconf 73' lang='grc' dir='ltr'><strong><em>ε</em></strong></span> <span class='ocrx_word' id='word_1_118' title='bbox 966 2337 1015 2404; x_wconf 90' lang='lat' dir='ltr'><strong>sie</strong></span> <span class='ocrx_word' id='word_1_119' title='bbox 1035 2360 1154 2431; x_wconf 87' lang='lat' dir='ltr'><strong>aspera</strong></span> <span class='ocrx_word' id='word_1_120' title='bbox 1174 2337 1270 2430; x_wconf 91' lang='lat' dir='ltr'><strong>tigris</strong></span> 
     </span>
     <span class='ocr_line' id='line_1_18' title="bbox 369 2454 1196 2556; baseline 0.002 -32"><span class='ocrx_word' id='word_1_121' title='bbox 369 2457 517 2526; x_wconf 89' lang='lat' dir='ltr'><strong>Foetibus</strong></span> <span class='ocrx_word' id='word_1_122' title='bbox 532 2455 678 2552; x_wconf 88' lang='lat' dir='ltr'><strong>abreptis</strong></span> <span class='ocrx_word' id='word_1_123' title='bbox 696 2454 853 2550; x_wconf 83' lang='lat' dir='ltr'><strong>Scythico</strong></span> <span class='ocrx_word' id='word_1_124' title='bbox 871 2455 1081 2556; x_wconf 86' lang='lat' dir='ltr'><strong>desertasub</strong></span> <span class='ocrx_word' id='word_1_125' title='bbox 1097 2471 1196 2526; x_wconf 83' lang='lat' dir='ltr'><strong>antro</strong></span> 
     </span>
    </p>
   </div>
   <div class='ocr_carea' id='block_1_4' title="bbox 369 2574 1426 4133">
    <p class='ocr_par' dir='ltr' id='par_1_14' title="bbox 369 2574 1107 2672">
     <span class='ocr_line' id='line_1_19' title="bbox 369 2574 1107 2672; baseline -0.001 -25"><span class='ocrx_word' id='word_1_126' title='bbox 369 2579 535 2666; x_wconf 86' lang='lat' dir='ltr'><strong>Accubat,</strong></span> <span class='ocrx_word' id='word_1_127' title='bbox 554 2590 589 2646; x_wconf 92' lang='lat' dir='ltr'><strong>et</strong></span> <span class='ocrx_word' id='word_1_128' title='bbox 607 2574 712 2671; x_wconf 89' lang='lat' dir='ltr'><strong>tepidi</strong></span> <span class='ocrx_word' id='word_1_129' title='bbox 734 2574 853 2645; x_wconf 88' lang='lat' dir='ltr'><strong>lambit</strong></span> <span class='ocrx_word' id='word_1_130' title='bbox 869 2577 1012 2672; x_wconf 88' lang='lat' dir='ltr'><strong>vestigia</strong></span> <span class='ocrx_word' id='word_1_131' title='bbox 1028 2579 1107 2646; x_wconf 80' lang='lat' dir='ltr'><strong>saxi.</strong></span> 
     </span>
    </p>

    <p class='ocr_par' dir='ltr' id='par_1_15' title="bbox 371 2697 1315 2796">
     <span class='ocr_line' id='line_1_20' title="bbox 371 2697 1315 2796; baseline 0 -26"><span class='ocrx_word' id='word_1_132' title='bbox 371 2701 547 2793; x_wconf 85' lang='lat' dir='ltr'><strong>Nusquam</strong></span> <span class='ocrx_word' id='word_1_133' title='bbox 567 2700 648 2766; x_wconf 78' lang='lat' dir='ltr'><strong>irae:</strong></span> <span class='ocrx_word' id='word_1_134' title='bbox 670 2697 757 2768; x_wconf 89' lang='lat' dir='ltr'><strong>sedit</strong></span> <span class='ocrx_word' id='word_1_135' title='bbox 776 2698 903 2788; x_wconf 87' lang='lat' dir='ltr'><strong>rabies,</strong></span> <span class='ocrx_word' id='word_1_136' title='bbox 923 2698 1120 2793; x_wconf 88' lang='lat' dir='ltr'><strong>feritasque,</strong></span> <span class='ocrx_word' id='word_1_137' title='bbox 1142 2701 1315 2796; x_wconf 78' lang='lat' dir='ltr'><strong>famesque</strong></span> 
     </span>
    </p>

    <p class='ocr_par' dir='ltr' id='par_1_16' title="bbox 370 2822 1244 2918">
     <span class='ocr_line' id='line_1_21' title="bbox 370 2822 1244 2918; baseline 0.001 -29"><span class='ocrx_word' id='word_1_138' title='bbox 370 2822 466 2908; x_wconf 91' lang='lat' dir='ltr'><strong>Oris,</strong></span> <span class='ocrx_word' id='word_1_139' title='bbox 486 2835 569 2889; x_wconf 89' lang='lat' dir='ltr'><strong>eunt</strong></span> <span class='ocrx_word' id='word_1_140' title='bbox 586 2835 708 2914; x_wconf 78' lang='lat' dir='ltr'><strong>praeter</strong></span> <span class='ocrx_word' id='word_1_141' title='bbox 727 2843 845 2890; x_wconf 89' lang='lat' dir='ltr'><strong>secura</strong></span> <span class='ocrx_word' id='word_1_142' title='bbox 861 2835 1030 2906; x_wconf 88' lang='lat' dir='ltr'><strong>armenta,</strong></span> <span class='ocrx_word' id='word_1_143' title='bbox 1048 2846 1244 2918; x_wconf 82' lang='lat' dir='ltr'><strong>gregesque.</strong></span> 
     </span>
    </p>

    <p class='ocr_par' dir='ltr' id='par_1_17' title="bbox 369 2939 1367 3040">
     <span class='ocr_line' id='line_1_22' title="bbox 369 2939 1367 3040; baseline 0.002 -28"><span class='ocrx_word' id='word_1_144' title='bbox 369 2942 521 3036; x_wconf 88' lang='lat' dir='ltr'><strong>Adspicit</strong></span> <span class='ocrx_word' id='word_1_145' title='bbox 536 2939 594 3010; x_wconf 90' lang='lat' dir='ltr'><strong>illa</strong></span> <span class='ocrx_word' id='word_1_146' title='bbox 605 2945 721 3037; x_wconf 87' lang='lat' dir='ltr'><strong>jacens</strong></span> <span class='ocrx_word' id='word_1_147' title='bbox 738 2969 746 3010; x_wconf 91' lang='lat'><strong>:</strong></span> <span class='ocrx_word' id='word_1_148' title='bbox 768 2942 826 3012; x_wconf 89' lang='lat' dir='ltr'><strong>ubi</strong></span> <span class='ocrx_word' id='word_1_149' title='bbox 842 2944 949 3032; x_wconf 90' lang='lat' dir='ltr'><strong>enim,</strong></span> <span class='ocrx_word' id='word_1_150' title='bbox 967 2942 1091 3036; x_wconf 86' lang='lat' dir='ltr'><strong>quibus</strong></span> <span class='ocrx_word' id='word_1_151' title='bbox 1112 2944 1213 3014; x_wconf 91' lang='lat' dir='ltr'><strong>ubera</strong></span> <span class='ocrx_word' id='word_1_152' title='bbox 1230 2961 1367 3040; x_wconf 86' lang='lat' dir='ltr'><strong>paseat,</strong></span> 
     </span>
    </p>

    <p class='ocr_par' dir='ltr' id='par_1_18' title="bbox 369 3064 1426 3281">
     <span class='ocr_line' id='line_1_23' title="bbox 369 3064 1217 3159; baseline 0.002 -28"><span class='ocrx_word' id='word_1_153' title='bbox 369 3066 440 3132; x_wconf 84' lang='lat' dir='ltr'><strong>Aut</strong></span> <span class='ocrx_word' id='word_1_154' title='bbox 456 3087 541 3156; x_wconf 89' lang='lat' dir='ltr'><strong>quos</strong></span> <span class='ocrx_word' id='word_1_155' title='bbox 565 3064 694 3157; x_wconf 88' lang='lat' dir='ltr'><strong>ingenti</strong></span> <span class='ocrx_word' id='word_1_156' title='bbox 712 3077 843 3158; x_wconf 91' lang='lat' dir='ltr'><strong>premat</strong></span> <span class='ocrx_word' id='word_1_157' title='bbox 862 3079 1052 3159; x_wconf 82' lang='lat' dir='ltr'><strong>exspectata</strong></span> <span class='ocrx_word' id='word_1_158' title='bbox 1073 3064 1217 3159; x_wconf 85' lang='lat' dir='ltr'><strong>rapine?</strong></span> 
     </span>
     <span class='ocr_line' id='line_1_24' title="bbox 409 3185 1426 3281; baseline 0.006 -29"><span class='ocrx_word' id='word_1_159' title='bbox 409 3189 581 3254; x_wconf 85' lang='lat' dir='ltr'><strong>Hactenus</strong></span> <span class='ocrx_word' id='word_1_160' title='bbox 592 3209 701 3274; x_wconf 87' lang='lat' dir='ltr'><strong>erma,</strong></span> <span class='ocrx_word' id='word_1_161' title='bbox 711 3185 814 3275; x_wconf 74' lang='lat' dir='ltr'><strong>tubae,</strong></span> <span class='ocrx_word' id='word_1_162' title='bbox 825 3186 1037 3281; x_wconf 79' lang='lat' dir='ltr'><strong>ferrumque,</strong></span> <span class='ocrx_word' id='word_1_163' title='bbox 1049 3203 1084 3257; x_wconf 92' lang='lat' dir='ltr'><strong>et</strong></span> <span class='ocrx_word' id='word_1_164' title='bbox 1099 3187 1254 3258; x_wconf 87' lang='lat' dir='ltr'><strong>vulnera:</strong></span> <span class='ocrx_word' id='word_1_165' title='bbox 1266 3189 1327 3258; x_wconf 92' lang='lat' dir='ltr'><strong>sed</strong></span> <span class='ocrx_word' id='word_1_166' title='bbox 1339 3213 1426 3258; x_wconf 88' lang='lat' dir='ltr'><strong>nunc</strong></span> 
     </span>
    </p>

    <p class='ocr_par' dir='ltr' id='par_1_19' title="bbox 369 3306 1274 3402">
     <span class='ocr_line' id='line_1_25' title="bbox 369 3306 1274 3402; baseline 0.002 -26"><span class='ocrx_word' id='word_1_167' title='bbox 369 3306 532 3376; x_wconf 88' lang='lat' dir='ltr'><strong>Cominus</strong></span> <span class='ocrx_word' id='word_1_168' title='bbox 548 3307 727 3402; x_wconf 90' lang='lat' dir='ltr'><strong>astrigeros</strong></span> <span class='ocrx_word' id='word_1_169' title='bbox 743 3310 922 3402; x_wconf 87' lang='lat' dir='ltr'><strong>Capaneus</strong></span> <span class='ocrx_word' id='word_1_170' title='bbox 942 3308 1109 3380; x_wconf 89' lang='lat' dir='ltr'><strong>tollendus</strong></span> <span class='ocrx_word' id='word_1_171' title='bbox 1130 3313 1165 3380; x_wconf 94' lang='lat' dir='ltr'><strong>in</strong></span> <span class='ocrx_word' id='word_1_172' title='bbox 1186 3335 1274 3380; x_wconf 84' lang='lat' dir='ltr'><strong>axes.</strong></span> 
     </span>
    </p>

    <p class='ocr_par' dir='ltr' id='par_1_20' title="bbox 369 3427 1304 3522">
     <span class='ocr_line' id='line_1_26' title="bbox 369 3427 1304 3522; baseline 0.001 -24"><span class='ocrx_word' id='word_1_173' title='bbox 369 3429 448 3498; x_wconf 90' lang='lat' dir='ltr'><strong>Non</strong></span> <span class='ocrx_word' id='word_1_174' title='bbox 467 3428 552 3497; x_wconf 89' lang='lat' dir='ltr'><strong>mihi</strong></span> <span class='ocrx_word' id='word_1_175' title='bbox 567 3430 637 3522; x_wconf 88' lang='lat' dir='ltr'><strong>jam</strong></span> <span class='ocrx_word' id='word_1_176' title='bbox 659 3427 758 3498; x_wconf 91' lang='lat' dir='ltr'><strong>solito</strong></span> <span class='ocrx_word' id='word_1_177' title='bbox 776 3444 892 3500; x_wconf 87' lang='lat' dir='ltr'><strong>vatum</strong></span> <span class='ocrx_word' id='word_1_178' title='bbox 913 3431 955 3500; x_wconf 89' lang='lat' dir='ltr'><strong>de</strong></span> <span class='ocrx_word' id='word_1_179' title='bbox 974 3457 1069 3504; x_wconf 88' lang='lat' dir='ltr'><strong>more</strong></span> <span class='ocrx_word' id='word_1_180' title='bbox 1088 3432 1304 3502; x_wconf 87' lang='lat' dir='ltr'><strong>canendum:</strong></span> 
     </span>
    </p>

    <p class='ocr_par' dir='ltr' id='par_1_21' title="bbox 369 3547 1131 3639">
     <span class='ocr_line' id='line_1_27' title="bbox 369 3547 1131 3639; baseline 0.009 -24"><span class='ocrx_word' id='word_1_181' title='bbox 369 3547 482 3639; x_wconf 90' lang='lat' dir='ltr'><strong>Major</strong></span> <span class='ocrx_word' id='word_1_182' title='bbox 498 3548 540 3616; x_wconf 91' lang='lat' dir='ltr'><strong>ab</strong></span> <span class='ocrx_word' id='word_1_183' title='bbox 562 3551 679 3619; x_wconf 87' lang='lat' dir='ltr'><strong>Aoniis</strong></span> <span class='ocrx_word' id='word_1_184' title='bbox 700 3550 862 3620; x_wconf 90' lang='lat' dir='ltr'><strong>sumenda</strong></span> <span class='ocrx_word' id='word_1_185' title='bbox 879 3551 1018 3622; x_wconf 85' lang='lat' dir='ltr'><strong>audacia</strong></span> <span class='ocrx_word' id='word_1_186' title='bbox 1038 3551 1131 3624; x_wconf 89' lang='lat' dir='ltr'><strong>lucis.</strong></span> 
     </span>
    </p>

    <p class='ocr_par' dir='ltr' id='par_1_22' title="bbox 369 3669 1268 3769">
     <span class='ocr_line' id='line_1_28' title="bbox 369 3669 1268 3769; baseline 0.01 -35"><span class='ocrx_word' id='word_1_187' title='bbox 369 3669 504 3736; x_wconf 89' lang='lat' dir='ltr'><strong>Mecum</strong></span> <span class='ocrx_word' id='word_1_188' title='bbox 526 3693 642 3739; x_wconf 87' lang='lat' dir='ltr'><strong>omnes</strong></span> <span class='ocrx_word' id='word_1_189' title='bbox 663 3670 786 3740; x_wconf 89' lang='lat' dir='ltr'><strong>audete</strong></span> <span class='ocrx_word' id='word_1_190' title='bbox 807 3675 910 3742; x_wconf 80' lang='lat' dir='ltr'><strong>Deae:</strong></span> <span class='ocrx_word' id='word_1_191' title='bbox 931 3674 1001 3742; x_wconf 87' lang='lat' dir='ltr'><strong>sive</strong></span> <span class='ocrx_word' id='word_1_192' title='bbox 1023 3671 1079 3744; x_wconf 91' lang='lat' dir='ltr'><strong>ille</strong></span> <span class='ocrx_word' id='word_1_193' title='bbox 1097 3675 1268 3769; x_wconf 86' lang='lat' dir='ltr'><strong>profunda</strong></span> 
     </span>
    </p>

    <p class='ocr_par' dir='ltr' id='par_1_23' title="bbox 370 3787 1248 3891">
     <span class='ocr_line' id='line_1_29' title="bbox 370 3787 1248 3891; baseline 0.011 -37"><span class='ocrx_word' id='word_1_194' title='bbox 370 3787 494 3856; x_wconf 88' lang='lat' dir='ltr'><strong>Missus</strong></span> <span class='ocrx_word' id='word_1_195' title='bbox 517 3803 615 3859; x_wconf 88' lang='lat' dir='ltr'><strong>nocte</strong></span> <span class='ocrx_word' id='word_1_196' title='bbox 633 3789 742 3882; x_wconf 80' lang='lat' dir='ltr'><strong>furor,</strong></span> <span class='ocrx_word' id='word_1_197' title='bbox 763 3793 988 3888; x_wconf 84' lang='lat' dir='ltr'><strong>Capaneaque</strong></span> <span class='ocrx_word' id='word_1_198' title='bbox 1010 3795 1105 3891; x_wconf 87' lang='lat' dir='ltr'><strong>signa</strong></span> <span class='ocrx_word' id='word_1_199' title='bbox 1126 3812 1248 3867; x_wconf 78' lang='lat' dir='ltr'><strong>secutae</strong></span> 
     </span>
    </p>

    <p class='ocr_par' dir='ltr' id='par_1_24' title="bbox 369 3909 1205 4010">
     <span class='ocr_line' id='line_1_30' title="bbox 369 3909 1205 4010; baseline 0.016 -35"><span class='ocrx_word' id='word_1_200' title='bbox 369 3909 471 3978; x_wconf 84' lang='lat' dir='ltr'><strong>Arma</strong></span> <span class='ocrx_word' id='word_1_201' title='bbox 487 3912 603 3980; x_wconf 87' lang='lat' dir='ltr'><strong>Jovem</strong></span> <span class='ocrx_word' id='word_1_202' title='bbox 623 3926 740 3982; x_wconf 88' lang='lat' dir='ltr'><strong>contra</strong></span> <span class='ocrx_word' id='word_1_203' title='bbox 759 3916 881 4010; x_wconf 72' lang='lat' dir='ltr'><strong>Stygiae</strong></span> <span class='ocrx_word' id='word_1_204' title='bbox 898 3939 1040 4009; x_wconf 87' lang='lat' dir='ltr'><strong>rapuere</strong></span> <span class='ocrx_word' id='word_1_205' title='bbox 1059 3941 1205 4004; x_wconf 89' lang='lat' dir='ltr'><strong>sorores,</strong></span> 
     </span>
    </p>

    <p class='ocr_par' dir='ltr' id='par_1_25' title="bbox 369 4030 1273 4133">
     <span class='ocr_line' id='line_1_31' title="bbox 369 4030 1273 4133; baseline 0.011 -37"><span class='ocrx_word' id='word_1_206' title='bbox 369 4032 433 4098; x_wconf 88' lang='lat' dir='ltr'><strong>Seu</strong></span> <span class='ocrx_word' id='word_1_207' title='bbox 453 4030 560 4099; x_wconf 90' lang='lat' dir='ltr'><strong>virtus</strong></span> <span class='ocrx_word' id='word_1_208' title='bbox 579 4058 710 4127; x_wconf 87' lang='lat' dir='ltr'><strong>egressa</strong></span> <span class='ocrx_word' id='word_1_209' title='bbox 726 4034 881 4124; x_wconf 87' lang='lat' dir='ltr'><strong>modum,</strong></span> <span class='ocrx_word' id='word_1_210' title='bbox 902 4061 959 4106; x_wconf 90' lang='lat' dir='ltr'><strong>seu</strong></span> <span class='ocrx_word' id='word_1_211' title='bbox 976 4035 1084 4132; x_wconf 85' lang='lat' dir='ltr'><strong>gloria</strong></span> <span class='ocrx_word' id='word_1_212' title='bbox 1105 4063 1273 4133; x_wconf 75' lang='lat' dir='ltr'><strong>preceps,</strong></span> 
     </span>
    </p>
   </div>
   <div class='ocr_carea' id='block_1_5' title="bbox 0 0 1552 5140">
    <p class='ocr_par' dir='ltr' id='par_1_26' title="bbox 0 0 1552 5140">
     <span class='ocr_line' id='line_1_32' title="bbox 0 0 1552 5140; baseline 0 0"><span class='ocrx_word' id='word_1_213' title='bbox 0 0 1552 5140; x_wconf 95' lang='lat' dir='ltr'><strong> </strong></span> 
     </span>
    </p>
   </div>
  </div>
 </body>
</html>
