3156 5138
138 541 170 600 (v.
183 541 234 600 ιι.)
462 538 657 596 levaltUM
676 541 787 597 LIBER
807 539 856 594 IV.
1131 543 1183 596 113

137 664 169 733 N
171 687 209 730 ec
226 687 295 730 non
314 675 427 730 noster
443 685 539 732 amor
556 661 716 760 (dubium
735 686 913 732 morumne
922 663 1123 758 probandus

136 783 313 877 ingeniine
333 778 453 874 honis)
468 782 573 850 Latiis
589 783 717 851 aestivat
732 783 767 850 in
785 782 874 852 oris?

136 905 238 971 Anno
255 899 459 970 metalliferae
475 901 596 995 repetit
611 902 682 995 jam
700 904 823 970 moenia
839 903 961 990 Lunae,

136 1020 395 1114 Tyrrhenasque
414 1019 553 1089 domos?
568 1018 659 1113 quod
676 1022 703 1089 si
721 1017 781 1090 tibi
799 1021 970 1113 proximus
986 1022 1109 1108 heret,

137 1141 217 1210 Non
233 1164 296 1234 ego
313 1164 403 1209 nunc
419 1153 531 1208 vestro
547 1137 665 1232 procul
685 1162 705 1206 a
722 1163 876 1209 sermone
892 1141 1011 1228 recedo
1029 1169 1037 1210 :

137 1262 278 1329 Certum
294 1274 364 1348 est3
381 1257 459 1328 inde
476 1282 577 1329 sonus
594 1260 742 1353 geminas
759 1260 843 1329 mihi
859 1260 977 1330 circuit
994 1285 1099 1332 aures.

186 1409 203 1444 s
213 1379 277 1450 Sed
294 1393 347 1466 tu,
364 1378 445 1448 dum
461 1379 565 1448 nimio
582 1403 730 1473 possessa
744 1380 936 1473 Hyperione
953 1379 1072 1474 flagrat

137 1502 250 1567 Torva
266 1497 412 1568 Cleonaei
425 1499 507 1592 juba
525 1497 660 1586 sideris,
680 1501 883 1569 exsec-curis

138 1622 280 1706 Pectus,
301 1632 334 1686 et
352 1617 484 1688 assiduo
504 1631 605 1687 temet
623 1617 734 1687 furare
752 1617 860 1688 labori

137 1742 181 1808 Et
200 1751 312 1808 sontes
328 1737 436 1832 operit
453 1737 645 1831 pharetras,
664 1761 845 1833 arcumque
865 1738 1011 1808 retendit

137 1858 301 1946 Parthus;
321 1872 354 1927 et
370 1854 469 1929 Eleos
488 1859 624 1952 auriga,
643 1856 812 1929 laboribus
829 1861 932 1949 actis,

137 1976 270 2072 Alpheo
288 1976 474 2072 permulcet
491 2002 613 2070 equos3
632 1991 666 2046 et
683 1993 796 2049 nostra
814 1980 935 2049 fatiscit

135 2101 353 2190 laxaturque
370 2095 480 2190 chelys
498 2122 506 2163 ε
521 2098 612 2165 ‘vires
628 2097 785 2193 instigat,
805 2098 930 2193 alitque

135 2217 349 2310 Tempestiva
366 2217 479 2310 quies,
499 2217 607 2309 major
626 2233 705 2309 post
720 2219 789 2288 otia
804 2219 919 2286 virtus.

135 2335 227 2406 Talis
245 2349 378 2406 cantata
396 2333 543 2404 Briseide
562 2338 656 2406 venit
672 2335 816 2409 Achilles

134 2459 272 2546 Acrior,
291 2470 326 2526 et
341 2458 457 2551 positis
474 2458 584 2550 erupit
603 2459 639 2526 in
657 2462 802 2528 Hectora
819 2457 962 2554 plectris.
995 2529 997 2532 .

134 2582 183 2650 Te
204 2603 339 2672 quoque
359 2575 542 2646 flammabit
561 2578 660 2664 tacite
679 2580 819 2674 repetita
838 2603 1020 2674 parumper

135 2697 293 2786 Desidia,
310 2712 344 2766 et
361 2695 474 2766 solitos
492 2720 600 2765 novus
618 2696 797 2768 exsultabis
815 2700 850 2768 in
867 2703 969 2769 actu‘s.

134 2823 237 2888 Certe
250 2819 321 2913 jam
337 2818 442 2889 Latiae
456 2841 526 2888 non
544 2817 684 2887 miscent
699 2819 811 2914 jurgia
827 2818 936 2914 leges,

136 2942 182 3008 Et
199 2963 316 3033 pacem
335 2940 429 3034 piger
449 2962 559 3008 annus
579 2936 702 3026 habet3
721 2951 908 3033 messesque
924 2961 1064 3010 reverse

108 3135 112 3142 ,
135 3059 303 3127 Dimisere
319 3057 430 3128 forum
448 3085 455 3130 ς
475 3083 536 3130 nec
550 3060 622 3154 jam
639 3058 699 3128 tibi
717 3059 815 3128 turba
833 3083 967 3129 reorum

134 3177 329 3267 Vestibulo,
345 3177 519 3272 querulive
537 3192 658 3273 rogant
673 3179 763 3250 exire
780 3178 917 3248 clientes
933 3204 943 3246 ε

135 3303 253 3370 Cessat
270 3298 413 3368 Centeni
432 3297 636 3369 moderatrix
654 3298 779 3394 Judicis
798 3299 892 3369 hasta
903 3349 919 3396 ,ἱ

134 3421 216 3509 Qua
234 3419 295 3487 tibi
314 3415 449 3488 sublimi
463 3418 534 3513 jam
555 3444 646 3488 nunc
665 3417 988 3506 celeberrimafama

134 3541 289 3626 Eminet,
306 3553 339 3608 et
351 3539 493 3633 juvenes
508 3537 665 3608 facundia
683 3539 831 3634 praeterit
845 3561 960 3607 annos.

186 3658 307 3729 «Felix
323 3656 500 3746 curarum!
519 3661 574 3729 cui
595 3684 664 3728 non
682 3657 855 3728 Heliconia
872 3657 965 3727 cordi

135 3783 255 3866 Serta,
272 3803 334 3848 nec
352 3777 503 3848 imbelles
522 3780 661 3848 Parnasi
681 3803 699 3846 e
719 3779 840 3846 vertice
861 3775 995 3863 laurus;
1043 3843 1050 3854 ,

135 3898 204 3970 Sed
222 3900 311 3994 viget
328 3899 521 3995 ingenium,
541 3913 574 3967 et
591 3921 732 3993 magnos
744 3897 916 3966 accinctus
935 3896 970 3964 in
989 3921 1067 3966 usus

134 4023 214 4088 Fert
233 4022 364 4088 animus
382 4043 609 4113 quascumque
627 4020 716 4088 vices
735 4043 743 4085 τ
764 4042 826 4087 nos
840 4019 912 4104 otia
933 4018 1009 4086 vita

137 4137 294 4210 Solantur
311 4153 429 4228 cantu,
451 4152 655 4234 ventosaque
676 4139 798 4234 gaudia
815 4137 911 4208 famae

285 4284 305 4327 ι.
1004 4257 1025 4325 8
