3172 5142
382 469 434 530 tat,
695 461 1034 520 mathusalem
1056 464 1109 520 tx.
1328 462 1368 521 tv·
1384 460 1443 522 ⁵⁵4

377 587 556 680 Perjurum
575 567 727 654 diadema
744 602 842 680 peto:
859 609 927 678 quo
944 586 1067 680 gaudia
1087 587 1172 654 tanti

380 709 477 775 Emta
489 704 593 790 mibi,
611 719 671 773 aut
683 719 871 799 sceptrum,
889 704 981 796 quod
995 730 1064 772 non
1078 720 1134 774 tua
1153 704 1294 774 dextera
1307 704 1446 774 tradet?

380 829 449 912 Ite,
467 825 551 909 viri,
569 822 743 917 solumque
764 822 833 891 fero
850 847 904 892 mc
920 822 1062 918 linquite
1082 823 1189 892 fratri.
1231 875 1234 880 .

380 944 437 1016 Nil
457 968 542 1040 opus
559 968 652 1013 arma
673 942 761 1012 ultra
780 956 929 1030 tentare,
949 956 984 1011 et
1001 942 1140 1036 perdere
1153 957 1300 1013 mortes:

381 1069 450 1153 Ite,
470 1088 590 1159 precor
606 1090 614 1131 :
633 1061 714 1156 quid
729 1063 799 1155 jam
820 1061 944 1130 dabitis
963 1063 1047 1130 mibi
1066 1061 1211 1156 denique
1231 1064 1367 1157 majus?

280 1221 284 1227 ¹
381 1185 493 1280 Tydea
510 1184 676 1252 consumti
693 1208 701 1250 ε
720 1205 867 1274 quanam
884 1181 949 1250 boc
968 1206 1030 1276 ego
1048 1197 1159 1252 morte
1176 1182 1301 1277 piabo?

384 1309 416 1374 Ο
433 1328 538 1392 socer,
557 1329 577 1372 o
596 1299 694 1397 Argi!
713 1317 747 1370 et
766 1303 884 1396 primae
900 1302 991 1370 bona
1008 1302 1121 1398 jurgia
1140 1304 1266 1394 noctis,

384 1422 596 1516 Altemaeque
614 1446 750 1507 manus,
769 1436 804 1490 et
821 1419 913 1516 longi
933 1422 1055 1517 pignus
1074 1424 1198 1492 amoris

385 1550 440 1615 Ira
460 1545 595 1612 brevis:
614 1567 682 1610 nou
696 1566 749 1610 mc
765 1567 843 1611 ense
860 1563 919 1618 tuo
933 1563 1033 1638 tunc,
1055 1549 1198 1622 maxime
1214 1546 1348 1643 Tydeu,

344 1702 345 1708 ¹
385 1669 430 1736 Et
450 1677 602 1759 poteras,
624 1663 729 1731 nostri
745 1682 925 1740 mactatum
945 1672 980 1738 in
1001 1669 1114 1738 limine
1133 1665 1287 1737 Adrasti?

386 1785 479 1877 Quin
499 1771 600 1856 etiam
614 1789 743 1859 Thebas
757 1815 812 1858 me
830 1765 987 1885 propter,
1008 1806 1041 1860 et
1056 1793 1158 1885 impia
1175 1789 1287 1859 frabis

387 1911 490 1978 Tecta
503 1901 732 1998 libens„unde
749 1909 841 1979 haud
855 1908 943 1998 alius·
956 1924 1150 1996 remeasset,
1166 1909 1263 1980 adisti
1277 1935 1285 1976 :

388 2033 459 2100 Ceu
478 2031 608 2100 tibimet
628 2045 761 2124 sceptra
779 2046 814 2100 et
831 2033 987 2126 proprios
1004 2030 1132 2101 laturus
1151 2032 1306 2100 bonores.

288 2163 292 2172 '
387 2155 461 2222 Jam
478 2149 661 2221 Telamona
676 2153 787 2246 pium,
803 2154 875 2245 jam
894 2149 1022 2220 Thesea
1043 2149 1132 2220 fama
1152 2151 1293 2220 tacebat.
1344 2137 1349 2152 ⁸

389 2273 507 2363 Qualis
526 2289 561 2343 et
579 2298 657 2342 ecce
672 2273 785 2365 jaces?
799 2297 878 2366 ,quoe
898 2269 1045 2367 primum
1064 2270 1203 2341 vulnera
1220 2270 1346 2340 mirer?

390 2395 474 2482 Quis
486 2409 563 2463 tuus
575 2394 645 2481 bic,
660 2395 736 2486 quis
749 2393 791 2462 ab
804 2393 901 2462 boste
911 2391 1034 2462 cruor?
1043 2415 1119 2485 quae
1128 2407 1162 2460 te
1173 2392 1321 2486 agmina,
1337 2394 1441 2486 quire

389 2515 561 2584 innumeri
579 2528 728 2584 stravere
749 2513 862 2609 globi?
882 2515 917 2583 ni
940 2512 1055 2601 fallor,
1074 2489 1196 2608 etipse

393 2634 515 2704 Invidit
533 2651 647 2730 pater,
664 2649 698 2705 et
716 2649 787 2704 tota
804 2637 897 2703 Mars
918 2633 1051 2729 impulit
1070 2634 1205 2702 basta.»

438 2757 493 2825 Sic
512 2758 577 2843 ait,
598 2771 632 2827 et
654 2779 797 2825 moerens
817 2757 1001 2823 etiamnum
1022 2753 1150 2824 lubrica
1172 2755 1250 2825 tabo

391 2882 461 2950 Ora
477 2879 541 2948 viri
562 2879 663 2974 tergit
679 2875 851 2971 lacrymis,
873 2873 1091 2970 dextramque
1110 2879 1252 2972 reponit.

392 3031 408 3063 a
420 3004 517 3070 Tune
535 3025 627 3069 meos
646 3000 759 3070 hostes
776 2999 843 3067 buc
862 3019 970 3092 usque
988 2998 1128 3067 exosus?
1143 3014 1178 3067 ct
1196 2997 1282 3068 ultra
1320 3087 1324 3092 ἡ

392 3125 511 3216 Sospes
532 3119 643 3215 egel»
664 3133 802 3188 exuerat
819 3119 941 3212 vagina
963 3117 1114 3188 turbidus
1133 3143 1267 3207 ensem,

392 3241 607 3335 Aptabatque
624 3242 721 3309 neci:
739 3240 878 3308 comites
899 3253 1056 3328 tenuere,
1076 3265 1237 3333 socerque

393 3363 559 3457 Castigat,
579 3359 725 3454 bellique
742 3363 832 3430 vices
851 3359 973 3429 aelata
993 3359 1192 3430 revolvens·

394 3480 529 3550 Solatur
547 3480 736 3569 tumidum,
755 3478 923 3576 longeque
939 3505 959 3548 a
978 3505 1120 3574 corpore
1138 3505 1217 3552 caro

393 3599 592 3689 Paullatim,
612 3600 702 3670 unde
717 3600 834 3690 dolor,
855 3598 981 3694 letique
996 3601 1148 3670 animosa
1167 3599 1342 3693 voluntas,

393 3725 555 3809 Amovet,
574 3745 613 3790 ac
629 3724 729 3792 tacite
748 3722 875 3791 ferrum
895 3722 983 3789 inter
1002 3721 1107 3791 verba
1126 3725 1270 3816 reponit.

394 3841 552 3930 Ducitur,
572 3844 694 3912 amisso
713 3840 824 3936 qualis
844 3835 999 3910 consorte
1014 3838 1167 3912 laborum
1234 3875 1235 3878 ¹

394 3967 528 4034 Deserit
546 3963 717 4058 inceptum
737 3960 850 4032 modia
868 3962 955 4030 inter
969 3961 1089 4056 jugera
1108 3959 1238 4032 sulcum
1264 3996 1266 4004 ·

394 4087 525 4154 Taurus
541 4085 646 4172 iners,
666 4082 819 4179 colloque
836 4084 957 4177 jugum
976 4079 1125 4152 deforme
1143 4085 1284 4156 remisso
