<?xml version="1.0" encoding="UTF-8"?>
<!DOCTYPE html PUBLIC "-//W3C//DTD XHTML 1.0 Transitional//EN"
    "http://www.w3.org/TR/xhtml1/DTD/xhtml1-transitional.dtd">
<html xmlns="http://www.w3.org/1999/xhtml" xml:lang="en" lang="en">
 <head>
  <title>
</title>
<meta http-equiv="Content-Type" content="text/html;charset=utf-8" />
  <meta name='ocr-system' content='tesseract 3.04.00' />
  <meta name='ocr-capabilities' content='ocr_page ocr_carea ocr_par ocr_line ocrx_word'/>
</head>
<body>
  <div class='ocr_page' id='page_1' title='image "./operaquaeextant00dbgoog_0590.png"; bbox 0 0 3094 5140; ppageno 0'>
   <div class='ocr_carea' id='block_1_1' title="bbox 359 311 372 352">
    <p class='ocr_par' dir='ltr' id='par_1_1' title="bbox 359 311 372 352">
     <span class='ocr_line' id='line_1_1' title="bbox 359 311 372 352; baseline 0 0"><span class='ocrx_word' id='word_1_1' title='bbox 359 311 372 352; x_wconf 68' lang='lat' dir='ltr'><em>l</em></span> 
     </span>
    </p>
   </div>
   <div class='ocr_carea' id='block_1_2' title="bbox 111 461 1167 530">
    <p class='ocr_par' dir='ltr' id='par_1_2' title="bbox 111 461 1167 530">
     <span class='ocr_line' id='line_1_2' title="bbox 111 461 1167 530; baseline 0.006 -16"><span class='ocrx_word' id='word_1_2' title='bbox 111 466 228 530; x_wconf 56' lang='lat' dir='ltr'><strong>(ems.)</strong></span> <span class='ocrx_word' id='word_1_3' title='bbox 412 462 626 522; x_wconf 76' lang='lat' dir='ltr'><strong>THEBAIDOS</strong></span> <span class='ocrx_word' id='word_1_4' title='bbox 649 462 761 522; x_wconf 69' lang='lat' dir='ltr'><strong>Ltttntt</strong></span> <span class='ocrx_word' id='word_1_5' title='bbox 783 463 851 520; x_wconf 82' lang='grc' dir='ltr'><strong>ΧΗ.</strong></span> <span class='ocrx_word' id='word_1_6' title='bbox 1114 461 1167 520; x_wconf 71' lang='lat'><strong>251</strong></span> 
     </span>
    </p>
   </div>
   <div class='ocr_carea' id='block_1_3' title="bbox 111 588 1176 4197">
    <p class='ocr_par' dir='ltr' id='par_1_3' title="bbox 111 588 1115 929">
     <span class='ocr_line' id='line_1_3' title="bbox 112 588 1062 662; baseline -0.002 0"><span class='ocrx_word' id='word_1_7' title='bbox 112 591 245 662; x_wconf 83' lang='lat' dir='ltr'><strong>Crede:</strong></span> <span class='ocrx_word' id='word_1_8' title='bbox 261 590 332 658; x_wconf 89' lang='lat' dir='ltr'><strong>sitit</strong></span> <span class='ocrx_word' id='word_1_9' title='bbox 348 591 485 660; x_wconf 86' lang='lat' dir='ltr'><strong>meritos</strong></span> <span class='ocrx_word' id='word_1_10' title='bbox 506 589 692 660; x_wconf 82' lang='lat' dir='ltr'><strong>etiamnum</strong></span> <span class='ocrx_word' id='word_1_11' title='bbox 712 588 783 658; x_wconf 74' lang='lat' dir='ltr'><strong>haec</strong></span> <span class='ocrx_word' id='word_1_12' title='bbox 801 588 899 660; x_wconf 86' lang='lat' dir='ltr'><strong>hasta</strong></span> <span class='ocrx_word' id='word_1_13' title='bbox 914 611 1062 660; x_wconf 85' lang='lat' dir='ltr'><strong>cruores.</strong></span> 
     </span>
     <span class='ocr_line' id='line_1_4' title="bbox 111 707 1115 805; baseline -0.004 -21"><span class='ocrx_word' id='word_1_14' title='bbox 111 711 218 785; x_wconf 89' lang='lat' dir='ltr'><strong>Nulla</strong></span> <span class='ocrx_word' id='word_1_15' title='bbox 238 737 334 781; x_wconf 87' lang='lat' dir='ltr'><strong>mora</strong></span> <span class='ocrx_word' id='word_1_16' title='bbox 354 725 405 780; x_wconf 85' lang='lat' dir='ltr'><strong>est</strong></span> <span class='ocrx_word' id='word_1_17' title='bbox 422 737 430 779; x_wconf 94' lang='lat'><strong>:</strong></span> <span class='ocrx_word' id='word_1_18' title='bbox 448 725 541 782; x_wconf 86' lang='lat' dir='ltr'><strong>verte</strong></span> <span class='ocrx_word' id='word_1_19' title='bbox 557 710 650 780; x_wconf 91' lang='lat' dir='ltr'><strong>hunc</strong></span> <span class='ocrx_word' id='word_1_20' title='bbox 668 707 770 790; x_wconf 89' lang='lat' dir='ltr'><strong>adeo,</strong></span> <span class='ocrx_word' id='word_1_21' title='bbox 787 707 946 782; x_wconf 85' lang='lat' dir='ltr'><strong>fidissime</strong></span> <span class='ocrx_word' id='word_1_22' title='bbox 964 710 1115 805; x_wconf 89' lang='lat' dir='ltr'><strong>Phegeu,</strong></span> 
     </span>
     <span class='ocr_line' id='line_1_5' title="bbox 113 831 1013 929; baseline -0.003 -24"><span class='ocrx_word' id='word_1_23' title='bbox 113 833 360 929; x_wconf 81' lang='lat' dir='ltr'>Cornipedem,</span> <span class='ocrx_word' id='word_1_24' title='bbox 379 847 413 902; x_wconf 89' lang='lat' dir='ltr'><strong>et</strong></span> <span class='ocrx_word' id='word_1_25' title='bbox 432 832 550 926; x_wconf 85' lang='lat' dir='ltr'><strong>Tyrias</strong></span> <span class='ocrx_word' id='word_1_26' title='bbox 570 832 721 900; x_wconf 87' lang='lat' dir='ltr'><strong>invectus</strong></span> <span class='ocrx_word' id='word_1_27' title='bbox 741 831 898 924; x_wconf 89' lang='lat' dir='ltr'><strong>protinus</strong></span> <span class='ocrx_word' id='word_1_28' title='bbox 918 856 1013 902; x_wconf 88' lang='lat' dir='ltr'><strong>arces</strong></span> 
     </span>
    </p>

    <p class='ocr_par' dir='ltr' id='par_1_4' title="bbox 113 950 976 1048">
     <span class='ocr_line' id='line_1_6' title="bbox 113 950 976 1048; baseline -0.008 -23"><span class='ocrx_word' id='word_1_29' title='bbox 113 960 186 1026; x_wconf 81' lang='lat' dir='ltr'><strong>Aut</strong></span> <span class='ocrx_word' id='word_1_30' title='bbox 202 955 330 1025; x_wconf 84' lang='lat' dir='ltr'><strong>Danais</strong></span> <span class='ocrx_word' id='word_1_31' title='bbox 349 953 444 1024; x_wconf 89' lang='lat' dir='ltr'><strong>edice</strong></span> <span class='ocrx_word' id='word_1_32' title='bbox 460 975 578 1048; x_wconf 86' lang='lat' dir='ltr'><strong>rogos,</strong></span> <span class='ocrx_word' id='word_1_33' title='bbox 596 967 656 1024; x_wconf 90' lang='lat' dir='ltr'><strong>aut</strong></span> <span class='ocrx_word' id='word_1_34' title='bbox 673 950 791 1046; x_wconf 88' lang='lat' dir='ltr'><strong>proelia</strong></span> <span class='ocrx_word' id='word_1_35' title='bbox 811 952 976 1024; x_wconf 76' lang='lat' dir='ltr'><strong>Thebis.»</strong></span> 
     </span>
    </p>

    <p class='ocr_par' dir='ltr' id='par_1_5' title="bbox 113 1057 1138 1409">
     <span class='ocr_line' id='line_1_7' title="bbox 165 1057 958 1168; baseline -0.001 -23"><span class='ocrx_word' id='word_1_36' title='bbox 165 1077 219 1145; x_wconf 91' lang='lat' dir='ltr'><strong>Sic</strong></span> <span class='ocrx_word' id='word_1_37' title='bbox 239 1077 304 1165; x_wconf 91' lang='lat' dir='ltr'><strong>ait,</strong></span> <span class='ocrx_word' id='word_1_38' title='bbox 322 1073 447 1144; x_wconf 92' lang='lat' dir='ltr'><strong>oblitus</strong></span> <span class='ocrx_word' id='word_1_39' title='bbox 468 1071 615 1167; x_wconf 83' lang='lat' dir='ltr'><strong>bellique</strong></span> <span class='ocrx_word' id='word_1_40' title='bbox 634 1074 764 1168; x_wconf 81' lang='lat' dir='ltr'><strong>viaeque</strong></span> <span class='ocrx_word' id='word_1_41' title='bbox 784 1057 958 1159; x_wconf 90' lang='lat' dir='ltr'><strong>laborum,</strong></span> 
     </span>
     <span class='ocr_line' id='line_1_8' title="bbox 113 1193 1138 1289; baseline 0 -25"><span class='ocrx_word' id='word_1_42' title='bbox 113 1199 351 1289; x_wconf 88' lang='lat' dir='ltr'><strong>Hortaturque</strong></span> <span class='ocrx_word' id='word_1_43' title='bbox 369 1218 467 1282; x_wconf 88' lang='lat' dir='ltr'><strong>suos,</strong></span> <span class='ocrx_word' id='word_1_44' title='bbox 484 1195 641 1287; x_wconf 87' lang='lat' dir='ltr'><strong>viresque</strong></span> <span class='ocrx_word' id='word_1_45' title='bbox 661 1194 829 1266; x_wconf 88' lang='lat' dir='ltr'><strong>instaurat</strong></span> <span class='ocrx_word' id='word_1_46' title='bbox 848 1193 996 1266; x_wconf 86' lang='lat' dir='ltr'><strong>anhelas.</strong></span> <span class='ocrx_word' id='word_1_47' title='bbox 1093 1211 1138 1238; x_wconf 55' lang='lat'><strong>*-</strong></span> 
     </span>
     <span class='ocr_line' id='line_1_9' title="bbox 113 1311 985 1409; baseline 0 -24"><span class='ocrx_word' id='word_1_48' title='bbox 113 1320 165 1386; x_wconf 91' lang='lat' dir='ltr'><strong>Ut</strong></span> <span class='ocrx_word' id='word_1_49' title='bbox 182 1314 283 1384; x_wconf 89' lang='lat' dir='ltr'><strong>modo</strong></span> <span class='ocrx_word' id='word_1_50' title='bbox 302 1315 482 1383; x_wconf 89' lang='lat' dir='ltr'><strong>connubiis</strong></span> <span class='ocrx_word' id='word_1_51' title='bbox 500 1329 636 1396; x_wconf 86' lang='lat' dir='ltr'><strong>taurus,</strong></span> <span class='ocrx_word' id='word_1_52' title='bbox 655 1311 811 1408; x_wconf 81' lang='lat' dir='ltr'>saltuque</span> <span class='ocrx_word' id='word_1_53' title='bbox 830 1330 985 1409; x_wconf 89' lang='lat' dir='ltr'><strong>recepto,</strong></span> 
     </span>
    </p>

    <p class='ocr_par' dir='ltr' id='par_1_6' title="bbox 116 1433 943 1530">
     <span class='ocr_line' id='line_1_10' title="bbox 116 1433 943 1530; baseline -0.002 -24"><span class='ocrx_word' id='word_1_54' title='bbox 116 1438 234 1525; x_wconf 93' lang='lat' dir='ltr'><strong>Quum</strong></span> <span class='ocrx_word' id='word_1_55' title='bbox 253 1436 367 1530; x_wconf 85' lang='lat' dir='ltr'>posuit</span> <span class='ocrx_word' id='word_1_56' title='bbox 385 1459 534 1530; x_wconf 79' lang='lat' dir='ltr'><strong>pugnas3</strong></span> <span class='ocrx_word' id='word_1_57' title='bbox 554 1433 666 1506; x_wconf 90' lang='lat' dir='ltr'><strong>aliosi</strong></span> <span class='ocrx_word' id='word_1_58' title='bbox 687 1434 775 1506; x_wconf 81' lang='lat' dir='ltr'><strong>sorte</strong></span> <span class='ocrx_word' id='word_1_59' title='bbox 793 1437 943 1529; x_wconf 83' lang='lat' dir='ltr'><strong>remugit</strong></span> 
     </span>
    </p>

    <p class='ocr_par' dir='ltr' id='par_1_7' title="bbox 115 1553 1176 1891">
     <span class='ocr_line' id='line_1_11' title="bbox 115 1553 1048 1650; baseline -0.001 -24"><span class='ocrx_word' id='word_1_60' title='bbox 115 1554 283 1626; x_wconf 88' lang='lat' dir='ltr'><strong>Bellatore</strong></span> <span class='ocrx_word' id='word_1_61' title='bbox 299 1580 434 1642; x_wconf 88' lang='lat' dir='ltr'><strong>nemus,</strong></span> <span class='ocrx_word' id='word_1_62' title='bbox 450 1579 649 1650; x_wconf 81' lang='lat' dir='ltr'><strong>quanquam</strong></span> <span class='ocrx_word' id='word_1_63' title='bbox 667 1580 727 1626; x_wconf 90' lang='lat' dir='ltr'><strong>ora</strong></span> <span class='ocrx_word' id='word_1_64' title='bbox 747 1569 781 1624; x_wconf 91' lang='lat' dir='ltr'><strong>et</strong></span> <span class='ocrx_word' id='word_1_65' title='bbox 799 1553 887 1626; x_wconf 89' lang='lat' dir='ltr'><strong>eolla</strong></span> <span class='ocrx_word' id='word_1_66' title='bbox 907 1571 1048 1626; x_wconf 89' lang='lat' dir='ltr'><strong>cruento</strong></span> 
     </span>
     <span class='ocr_line' id='line_1_12' title="bbox 116 1676 1176 1771; baseline -0.002 -25"><span class='ocrx_word' id='word_1_67' title='bbox 116 1677 230 1747; x_wconf 87' lang='lat' dir='ltr'><strong>Imbre</strong></span> <span class='ocrx_word' id='word_1_68' title='bbox 244 1677 397 1764; x_wconf 90' lang='lat' dir='ltr'><strong>madent,</strong></span> <span class='ocrx_word' id='word_1_69' title='bbox 412 1701 520 1746; x_wconf 88' lang='lat' dir='ltr'><strong>novus</strong></span> <span class='ocrx_word' id='word_1_70' title='bbox 534 1701 628 1746; x_wconf 90' lang='lat' dir='ltr'><strong>arma</strong></span> <span class='ocrx_word' id='word_1_71' title='bbox 642 1690 757 1771; x_wconf 90' lang='lat' dir='ltr'><strong>paret,</strong></span> <span class='ocrx_word' id='word_1_72' title='bbox 772 1701 999 1771; x_wconf 87' lang='lat' dir='ltr'><strong>campumque</strong></span> <span class='ocrx_word' id='word_1_73' title='bbox 1014 1676 1176 1748; x_wconf 85' lang='lat' dir='ltr'><strong>lacessens</strong></span> 
     </span>
     <span class='ocr_line' id='line_1_13' title="bbox 117 1795 981 1891; baseline -0.002 -23"><span class='ocrx_word' id='word_1_74' title='bbox 117 1795 315 1868; x_wconf 81' lang='lat' dir='ltr'><strong>Dissimulet</strong></span> <span class='ocrx_word' id='word_1_75' title='bbox 334 1800 497 1891; x_wconf 82' lang='lat' dir='ltr'><strong>gemitus,</strong></span> <span class='ocrx_word' id='word_1_76' title='bbox 514 1811 546 1868; x_wconf 87' lang='lat' dir='ltr'><strong>et</strong></span> <span class='ocrx_word' id='word_1_77' title='bbox 566 1795 708 1868; x_wconf 91' lang='lat' dir='ltr'><strong>vulnera</strong></span> <span class='ocrx_word' id='word_1_78' title='bbox 726 1795 865 1890; x_wconf 92' lang='lat' dir='ltr'><strong>pulvere</strong></span> <span class='ocrx_word' id='word_1_79' title='bbox 884 1795 981 1866; x_wconf 84' lang='lat' dir='ltr'><strong>celat.</strong></span> 
     </span>
    </p>

    <p class='ocr_par' dir='ltr' id='par_1_8' title="bbox 118 1916 1118 2133">
     <span class='ocr_line' id='line_1_14' title="bbox 118 1916 1118 2013; baseline 0.001 -25"><span class='ocrx_word' id='word_1_80' title='bbox 118 1923 197 2013; x_wconf 89' lang='lat' dir='ltr'><strong>Ipsa</strong></span> <span class='ocrx_word' id='word_1_81' title='bbox 214 1934 324 1988; x_wconf 90' lang='lat' dir='ltr'><strong>metus</strong></span> <span class='ocrx_word' id='word_1_82' title='bbox 343 1919 505 2012; x_wconf 85' lang='lat' dir='ltr'><strong>Libycos,</strong></span> <span class='ocrx_word' id='word_1_83' title='bbox 522 1918 808 2012; x_wconf 81' lang='lat' dir='ltr'><strong>servatricemque</strong></span> <span class='ocrx_word' id='word_1_84' title='bbox 825 1916 1002 1988; x_wconf 84' lang='lat' dir='ltr'><strong>Medusam</strong></span> <span class='ocrx_word' id='word_1_85' title='bbox 1112 1937 1118 1958; x_wconf 85' lang='lat'><em>·</em></span> 
     </span>
     <span class='ocr_line' id='line_1_15' title="bbox 118 2038 884 2133; baseline 0 -25"><span class='ocrx_word' id='word_1_86' title='bbox 118 2040 286 2124; x_wconf 85' lang='lat' dir='ltr'><strong>Pectoris,</strong></span> <span class='ocrx_word' id='word_1_87' title='bbox 305 2041 438 2114; x_wconf 83' lang='lat' dir='ltr'><strong>incussa</strong></span> <span class='ocrx_word' id='word_1_88' title='bbox 455 2039 560 2110; x_wconf 91' lang='lat' dir='ltr'><strong>movit</strong></span> <span class='ocrx_word' id='word_1_89' title='bbox 581 2038 735 2110; x_wconf 82' lang='lat' dir='ltr'><strong>Tritonia</strong></span> <span class='ocrx_word' id='word_1_90' title='bbox 756 2062 884 2133; x_wconf 92' lang='lat' dir='ltr'><strong>parma.</strong></span> 
     </span>
    </p>

    <p class='ocr_par' dir='ltr' id='par_1_9' title="bbox 118 2156 926 2255">
     <span class='ocr_line' id='line_1_16' title="bbox 118 2156 926 2255; baseline 0 -25"><span class='ocrx_word' id='word_1_91' title='bbox 118 2161 278 2230; x_wconf 88' lang='lat' dir='ltr'><strong>Protinus</strong></span> <span class='ocrx_word' id='word_1_92' title='bbox 296 2162 398 2230; x_wconf 90' lang='lat' dir='ltr'><strong>erecti</strong></span> <span class='ocrx_word' id='word_1_93' title='bbox 416 2175 490 2232; x_wconf 88' lang='lat' dir='ltr'><strong>toto</strong></span> <span class='ocrx_word' id='word_1_94' title='bbox 507 2156 610 2232; x_wconf 89' lang='lat' dir='ltr'><strong>simul</strong></span> <span class='ocrx_word' id='word_1_95' title='bbox 625 2161 777 2255; x_wconf 82' lang='lat' dir='ltr'><strong>agmine,</strong></span> <span class='ocrx_word' id='word_1_96' title='bbox 794 2160 926 2230; x_wconf 88' lang='lat' dir='ltr'><strong>Thebas</strong></span> 
     </span>
    </p>

    <p class='ocr_par' dir='ltr' id='par_1_10' title="bbox 119 2281 1040 2497">
     <span class='ocr_line' id='line_1_17' title="bbox 119 2281 1040 2376; baseline 0.001 -25"><span class='ocrx_word' id='word_1_97' title='bbox 119 2284 305 2375; x_wconf 85' lang='lat' dir='ltr'><strong>Respexerc</strong></span> <span class='ocrx_word' id='word_1_98' title='bbox 326 2305 452 2376; x_wconf 87' lang='lat' dir='ltr'><strong>angues</strong></span> <span class='ocrx_word' id='word_1_99' title='bbox 471 2307 478 2350; x_wconf 93' lang='lat'><strong>:</strong></span> <span class='ocrx_word' id='word_1_100' title='bbox 496 2305 560 2350; x_wconf 92' lang='lat' dir='ltr'><strong>nec</strong></span> <span class='ocrx_word' id='word_1_101' title='bbox 580 2281 661 2351; x_wconf 92' lang='lat' dir='ltr'><strong>dum</strong></span> <span class='ocrx_word' id='word_1_102' title='bbox 681 2281 814 2350; x_wconf 77' lang='lat' dir='ltr'><strong>Atticus</strong></span> <span class='ocrx_word' id='word_1_103' title='bbox 830 2282 879 2352; x_wconf 92' lang='lat' dir='ltr'><strong>ire</strong></span> <span class='ocrx_word' id='word_1_104' title='bbox 899 2283 1040 2375; x_wconf 88' lang='lat' dir='ltr'><strong>parabat</strong></span> 
     </span>
     <span class='ocr_line' id='line_1_18' title="bbox 120 2400 858 2497; baseline 0 -27"><span class='ocrx_word' id='word_1_105' title='bbox 120 2401 238 2489; x_wconf 86' lang='lat' dir='ltr'><strong>Miles,</strong></span> <span class='ocrx_word' id='word_1_106' title='bbox 256 2415 289 2470; x_wconf 91' lang='lat' dir='ltr'><strong>et</strong></span> <span class='ocrx_word' id='word_1_107' title='bbox 307 2401 429 2472; x_wconf 42' lang='lat' dir='ltr'><strong>infelix*</strong></span> <span class='ocrx_word' id='word_1_108' title='bbox 440 2403 577 2497; x_wconf 88' lang='lat' dir='ltr'><strong>expavit</strong></span> <span class='ocrx_word' id='word_1_109' title='bbox 593 2400 730 2472; x_wconf 89' lang='lat' dir='ltr'><strong>classica</strong></span> <span class='ocrx_word' id='word_1_110' title='bbox 744 2402 858 2474; x_wconf 88' lang='lat' dir='ltr'><strong>Dirce.</strong></span> 
     </span>
    </p>

    <p class='ocr_par' dir='ltr' id='par_1_11' title="bbox 118 2521 1140 2984">
     <span class='ocr_line' id='line_1_19' title="bbox 169 2521 1140 2620; baseline 0.003 -27"><span class='ocrx_word' id='word_1_111' title='bbox 169 2524 343 2593; x_wconf 88' lang='lat' dir='ltr'><strong>Continuo</strong></span> <span class='ocrx_word' id='word_1_112' title='bbox 360 2524 396 2593; x_wconf 92' lang='lat' dir='ltr'><strong>in</strong></span> <span class='ocrx_word' id='word_1_113' title='bbox 416 2547 547 2618; x_wconf 91' lang='lat' dir='ltr'><strong>pugnas</strong></span> <span class='ocrx_word' id='word_1_114' title='bbox 565 2521 657 2592; x_wconf 91' lang='lat' dir='ltr'><strong>haud</strong></span> <span class='ocrx_word' id='word_1_115' title='bbox 676 2521 785 2594; x_wconf 90' lang='lat' dir='ltr'><strong>solum</strong></span> <span class='ocrx_word' id='word_1_116' title='bbox 806 2549 945 2594; x_wconf 88' lang='lat' dir='ltr'><strong>accensa</strong></span> <span class='ocrx_word' id='word_1_117' title='bbox 958 2527 1140 2620; x_wconf 83' lang='lat' dir='ltr'><strong>juventus,</strong></span> 
     </span>
     <span class='ocr_line' id='line_1_20' title="bbox 119 2643 992 2743; baseline 0.002 -30"><span class='ocrx_word' id='word_1_118' title='bbox 119 2645 190 2733; x_wconf 92' lang='lat' dir='ltr'><strong>Qui</strong></span> <span class='ocrx_word' id='word_1_119' title='bbox 209 2643 310 2714; x_wconf 90' lang='lat' dir='ltr'><strong>modo</strong></span> <span class='ocrx_word' id='word_1_120' title='bbox 327 2646 488 2714; x_wconf 87' lang='lat' dir='ltr'><strong>Caucasei</strong></span> <span class='ocrx_word' id='word_1_121' title='bbox 505 2646 644 2714; x_wconf 87' lang='lat' dir='ltr'><strong>comites</strong></span> <span class='ocrx_word' id='word_1_122' title='bbox 662 2644 792 2716; x_wconf 90' lang='lat' dir='ltr'><strong>rediere</strong></span> <span class='ocrx_word' id='word_1_123' title='bbox 810 2647 992 2743; x_wconf 78' lang='lat' dir='ltr'><strong>triumphi3</strong></span> 
     </span>
     <span class='ocr_line' id='line_1_21' title="bbox 119 2764 1061 2861; baseline 0.002 -25"><span class='ocrx_word' id='word_1_124' title='bbox 119 2766 241 2836; x_wconf 89' lang='lat' dir='ltr'><strong>Omnis</strong></span> <span class='ocrx_word' id='word_1_125' title='bbox 258 2765 302 2834; x_wconf 88' lang='lat' dir='ltr'><strong>ad</strong></span> <span class='ocrx_word' id='word_1_126' title='bbox 320 2789 413 2834; x_wconf 87' lang='lat' dir='ltr'><strong>arrna</strong></span> <span class='ocrx_word' id='word_1_127' title='bbox 433 2765 535 2836; x_wconf 90' lang='lat' dir='ltr'><strong>rudes</strong></span> <span class='ocrx_word' id='word_1_128' title='bbox 552 2791 633 2861; x_wconf 88' lang='lat' dir='ltr'><strong>ager</strong></span> <span class='ocrx_word' id='word_1_129' title='bbox 652 2764 882 2838; x_wconf 81' lang='lat' dir='ltr'><strong>exstimulavit</strong></span> <span class='ocrx_word' id='word_1_130' title='bbox 896 2766 1061 2840; x_wconf 85' lang='lat' dir='ltr'><strong>alumnos.</strong></span> 
     </span>
     <span class='ocr_line' id='line_1_22' title="bbox 118 2884 1011 2984; baseline 0.007 -28"><span class='ocrx_word' id='word_1_131' title='bbox 118 2887 355 2974; x_wconf 87' lang='lat' dir='ltr'><strong>Conveniunt,</strong></span> <span class='ocrx_word' id='word_1_132' title='bbox 372 2884 529 2982; x_wconf 89' lang='lat' dir='ltr'><strong>ultroque</strong></span> <span class='ocrx_word' id='word_1_133' title='bbox 547 2887 642 2958; x_wconf 90' lang='lat' dir='ltr'><strong>ducis</strong></span> <span class='ocrx_word' id='word_1_134' title='bbox 660 2887 783 2959; x_wconf 87' lang='lat' dir='ltr'><strong>vexilla</strong></span> <span class='ocrx_word' id='word_1_135' title='bbox 800 2904 1011 2984; x_wconf 86' lang='lat' dir='ltr'><strong>sequuntur,</strong></span> 
     </span>
    </p>

    <p class='ocr_par' dir='ltr' id='par_1_12' title="bbox 118 3005 1020 3224">
     <span class='ocr_line' id='line_1_23' title="bbox 118 3005 1020 3103; baseline 0.007 -29"><span class='ocrx_word' id='word_1_136' title='bbox 118 3008 189 3095; x_wconf 92' lang='lat' dir='ltr'><strong>Qui</strong></span> <span class='ocrx_word' id='word_1_137' title='bbox 209 3005 357 3101; x_wconf 90' lang='lat' dir='ltr'><strong>gelidum</strong></span> <span class='ocrx_word' id='word_1_138' title='bbox 375 3011 550 3078; x_wconf 91' lang='lat' dir='ltr'><strong>Braurona</strong></span> <span class='ocrx_word' id='word_1_139' title='bbox 570 3010 653 3098; x_wconf 93' lang='lat' dir='ltr'><strong>viri,</strong></span> <span class='ocrx_word' id='word_1_140' title='bbox 672 3011 730 3103; x_wconf 94' lang='lat' dir='ltr'><strong>qui</strong></span> <span class='ocrx_word' id='word_1_141' title='bbox 751 3034 832 3078; x_wconf 91' lang='lat' dir='ltr'><strong>rura</strong></span> <span class='ocrx_word' id='word_1_142' title='bbox 850 3007 1020 3080; x_wconf 81' lang='lat' dir='ltr'><strong>lacessum</strong></span> 
     </span>
     <span class='ocr_line' id='line_1_24' title="bbox 118 3127 1003 3224; baseline 0.005 -27"><span class='ocrx_word' id='word_1_143' title='bbox 118 3127 324 3222; x_wconf 86' lang='lat' dir='ltr'><strong>Munychia,</strong></span> <span class='ocrx_word' id='word_1_144' title='bbox 344 3142 378 3198; x_wconf 91' lang='lat' dir='ltr'><strong>et</strong></span> <span class='ocrx_word' id='word_1_145' title='bbox 396 3128 536 3224; x_wconf 83' lang='lat' dir='ltr'><strong>trepidis</strong></span> <span class='ocrx_word' id='word_1_146' title='bbox 552 3129 706 3200; x_wconf 87' lang='lat' dir='ltr'><strong>stabilem</strong></span> <span class='ocrx_word' id='word_1_147' title='bbox 727 3131 854 3200; x_wconf 84' lang='lat' dir='ltr'><strong>Piraeea</strong></span> <span class='ocrx_word' id='word_1_148' title='bbox 871 3133 1003 3220; x_wconf 87' lang='lat' dir='ltr'><strong>nautis,</strong></span> 
     </span>
    </p>

    <p class='ocr_par' dir='ltr' id='par_1_13' title="bbox 116 3247 1054 3831">
     <span class='ocr_line' id='line_1_25' title="bbox 117 3247 1002 3347; baseline 0.007 -31"><span class='ocrx_word' id='word_1_149' title='bbox 117 3252 161 3316; x_wconf 86' lang='lat' dir='ltr'><strong>Et</strong></span> <span class='ocrx_word' id='word_1_150' title='bbox 181 3247 334 3318; x_wconf 90' lang='lat' dir='ltr'><strong>nondum</strong></span> <span class='ocrx_word' id='word_1_151' title='bbox 353 3253 427 3322; x_wconf 92' lang='lat' dir='ltr'><strong>Eoo</strong></span> <span class='ocrx_word' id='word_1_152' title='bbox 445 3249 575 3320; x_wconf 90' lang='lat' dir='ltr'><strong>clarum</strong></span> <span class='ocrx_word' id='word_1_153' title='bbox 593 3253 798 3322; x_wconf 86' lang='lat' dir='ltr'><strong>Marathona</strong></span> <span class='ocrx_word' id='word_1_154' title='bbox 816 3253 1002 3347; x_wconf 88' lang='lat' dir='ltr'><strong>triumpho.</strong></span> 
     </span>
     <span class='ocr_line' id='line_1_26' title="bbox 117 3369 1024 3469; baseline 0.004 -31"><span class='ocrx_word' id='word_1_155' title='bbox 117 3369 226 3438; x_wconf 91' lang='lat' dir='ltr'><strong>Mittit</strong></span> <span class='ocrx_word' id='word_1_156' title='bbox 246 3371 281 3438; x_wconf 92' lang='lat' dir='ltr'><strong>in</strong></span> <span class='ocrx_word' id='word_1_157' title='bbox 299 3395 391 3442; x_wconf 84' lang='lat' dir='ltr'><strong>arma</strong></span> <span class='ocrx_word' id='word_1_158' title='bbox 410 3395 549 3460; x_wconf 89' lang='lat' dir='ltr'><strong>manus,</strong></span> <span class='ocrx_word' id='word_1_159' title='bbox 570 3371 758 3469; x_wconf 87' lang='lat' dir='ltr'><strong>genialibus</strong></span> <span class='ocrx_word' id='word_1_160' title='bbox 775 3374 907 3468; x_wconf 85' lang='lat' dir='ltr'><strong>hospita</strong></span> <span class='ocrx_word' id='word_1_161' title='bbox 927 3375 1024 3443; x_wconf 91' lang='lat' dir='ltr'><strong>Divis</strong></span> 
     </span>
     <span class='ocr_line' id='line_1_27' title="bbox 116 3489 968 3589; baseline 0.011 -33"><span class='ocrx_word' id='word_1_162' title='bbox 116 3491 235 3573; x_wconf 85' lang='lat' dir='ltr'><strong>lcarii,</strong></span> <span class='ocrx_word' id='word_1_163' title='bbox 250 3489 408 3584; x_wconf 85' lang='lat' dir='ltr'><strong>Celeique</strong></span> <span class='ocrx_word' id='word_1_164' title='bbox 429 3491 570 3578; x_wconf 91' lang='lat' dir='ltr'><strong>domus,</strong></span> <span class='ocrx_word' id='word_1_165' title='bbox 588 3493 777 3589; x_wconf 90' lang='lat' dir='ltr'><strong>viridesque</strong></span> <span class='ocrx_word' id='word_1_166' title='bbox 796 3492 968 3583; x_wconf 78' lang='lat' dir='ltr'><strong>Melaenae,</strong></span> 
     </span>
     <span class='ocr_line' id='line_1_28' title="bbox 116 3610 1054 3712; baseline 0.009 -35"><span class='ocrx_word' id='word_1_167' title='bbox 116 3611 222 3679; x_wconf 92' lang='lat' dir='ltr'><strong>Dives</strong></span> <span class='ocrx_word' id='word_1_168' title='bbox 241 3625 274 3680; x_wconf 87' lang='lat' dir='ltr'><strong>et</strong></span> <span class='ocrx_word' id='word_1_169' title='bbox 288 3610 441 3706; x_wconf 84' lang='lat' dir='ltr'><strong>AEgaleos</strong></span> <span class='ocrx_word' id='word_1_170' title='bbox 462 3639 658 3704; x_wconf 89' lang='lat' dir='ltr'><strong>nemorum,</strong></span> <span class='ocrx_word' id='word_1_171' title='bbox 674 3619 870 3710; x_wconf 87' lang='lat' dir='ltr'><strong>Parnesque</strong></span> <span class='ocrx_word' id='word_1_172' title='bbox 887 3616 1054 3712; x_wconf 85' lang='lat' dir='ltr'><strong>benignus</strong></span> 
     </span>
     <span class='ocr_line' id='line_1_29' title="bbox 116 3731 941 3831; baseline 0.013 -36"><span class='ocrx_word' id='word_1_173' title='bbox 116 3731 270 3819; x_wconf 80' lang='lat' dir='ltr'><strong>vitibus,</strong></span> <span class='ocrx_word' id='word_1_174' title='bbox 288 3746 321 3801; x_wconf 89' lang='lat' dir='ltr'><strong>et</strong></span> <span class='ocrx_word' id='word_1_175' title='bbox 339 3735 457 3829; x_wconf 88' lang='lat' dir='ltr'><strong>pingui</strong></span> <span class='ocrx_word' id='word_1_176' title='bbox 478 3735 597 3806; x_wconf 90' lang='lat' dir='ltr'><strong>melior</strong></span> <span class='ocrx_word' id='word_1_177' title='bbox 615 3737 819 3831; x_wconf 85' lang='lat' dir='ltr'><strong>Lycabessos</strong></span> <span class='ocrx_word' id='word_1_178' title='bbox 840 3736 941 3806; x_wconf 87' lang='lat' dir='ltr'><strong>oliva.</strong></span> 
     </span>
    </p>

    <p class='ocr_par' dir='ltr' id='par_1_14' title="bbox 115 3853 1068 4197">
     <span class='ocr_line' id='line_1_30' title="bbox 117 3853 978 3953; baseline 0.014 -36"><span class='ocrx_word' id='word_1_179' title='bbox 117 3853 221 3920; x_wconf 89' lang='lat' dir='ltr'><strong>Venit</strong></span> <span class='ocrx_word' id='word_1_180' title='bbox 239 3868 337 3922; x_wconf 86' lang='lat' dir='ltr'><strong>atrox</strong></span> <span class='ocrx_word' id='word_1_181' title='bbox 354 3854 461 3944; x_wconf 89' lang='lat' dir='ltr'><strong>lleus,</strong></span> <span class='ocrx_word' id='word_1_182' title='bbox 478 3872 512 3925; x_wconf 92' lang='lat' dir='ltr'><strong>et</strong></span> <span class='ocrx_word' id='word_1_183' title='bbox 532 3855 653 3927; x_wconf 88' lang='lat' dir='ltr'><strong>olentis</strong></span> <span class='ocrx_word' id='word_1_184' title='bbox 673 3873 789 3928; x_wconf 86' lang='lat' dir='ltr'><strong>arator</strong></span> <span class='ocrx_word' id='word_1_185' title='bbox 807 3861 978 3953; x_wconf 84' lang='lat' dir='ltr'><strong>Hymetti,</strong></span> 
     </span>
     <span class='ocr_line' id='line_1_31' title="bbox 116 3972 1068 4071; baseline 0.012 -32"><span class='ocrx_word' id='word_1_186' title='bbox 116 3972 270 4066; x_wconf 84' lang='lat' dir='ltr'><strong>Quaeque</strong></span> <span class='ocrx_word' id='word_1_187' title='bbox 290 3976 389 4046; x_wconf 84' lang='lat' dir='ltr'><strong>rudes</strong></span> <span class='ocrx_word' id='word_1_188' title='bbox 409 3978 541 4071; x_wconf 89' lang='lat' dir='ltr'><strong>thyrsos</strong></span> <span class='ocrx_word' id='word_1_189' title='bbox 561 3979 693 4051; x_wconf 89' lang='lat' dir='ltr'><strong>hederis</strong></span> <span class='ocrx_word' id='word_1_190' title='bbox 713 3981 877 4070; x_wconf 87' lang='lat' dir='ltr'><strong>vestistis,</strong></span> <span class='ocrx_word' id='word_1_191' title='bbox 894 3981 1068 4052; x_wconf 79' lang='lat' dir='ltr'><strong>Acharne.</strong></span> 
     </span>
     <span class='ocr_line' id='line_1_32' title="bbox 115 4095 867 4197; baseline 0.015 -37"><span class='ocrx_word' id='word_1_192' title='bbox 115 4095 301 4187; x_wconf 84' lang='lat' dir='ltr'><strong>Linquitur</strong></span> <span class='ocrx_word' id='word_1_193' title='bbox 318 4100 398 4168; x_wconf 89' lang='lat' dir='ltr'><strong>Eois</strong></span> <span class='ocrx_word' id='word_1_194' title='bbox 418 4098 516 4194; x_wconf 90' lang='lat' dir='ltr'><strong>longe</strong></span> <span class='ocrx_word' id='word_1_195' title='bbox 537 4100 741 4196; x_wconf 83' lang='lat' dir='ltr'><strong>speculabile</strong></span> <span class='ocrx_word' id='word_1_196' title='bbox 758 4105 867 4197; x_wconf 89' lang='lat' dir='ltr'><strong>proris</strong></span> 
     </span>
    </p>
   </div>
   <div class='ocr_carea' id='block_1_4' title="bbox 0 0 1557 5140">
    <p class='ocr_par' dir='ltr' id='par_1_15' title="bbox 0 0 1557 5140">
     <span class='ocr_line' id='line_1_33' title="bbox 0 0 1557 5140; baseline 0 0"><span class='ocrx_word' id='word_1_197' title='bbox 0 0 1557 5140; x_wconf 95' lang='lat' dir='ltr'><strong> </strong></span> 
     </span>
    </p>
   </div>
  </div>
 </body>
</html>
