3192 5148
338 815 342 824 ¹
462 891 520 993 r.
550 892 608 994 r.
648 889 897 994 suurn

337 1215 1025 1392 SILVARUM

562 1597 738 1684 LIBER
769 1599 802 1682 1.

636 1925 738 1943 *ο

515 2188 583 2255 ΑΙ)
607 2187 839 2255 STELLAM

156 2433 259 2560 Dru
276 2482 488 2578 multumque
503 2483 671 2572 dubitavi,
687 2483 789 2554 Stella
808 2485 941 2579 juvenis
964 2486 1106 2578 optime,
1125 2486 1208 2554 etin

156 2604 274 2674 studiis
296 2606 418 2673 nostris
440 2605 699 2672 eminentissime
719 2629 785 2698 qua
802 2617 899 2698 parte
916 2602 1071 2690 voluisti,
1088 2628 1131 2672 an
1148 2604 1209 2673 hos
1345 2653 1349 2662 ·

156 2721 299 2810 libellos,
316 2725 375 2817 qui
389 2723 472 2792 mihi
489 2723 600 2791 subito
616 2720 727 2792 calore
743 2733 777 2792 et
794 2723 940 2815 quadarn
957 2722 1137 2793 festinandi
1152 2747 1206 2791 vo·

156 2840 284 2937 luptute
309 2842 489 2930 fluxerant,
515 2865 620 2936 quum
647 2840 770 2937 singuli
797 2841 839 2911 de
864 2844 941 2912 sinu
969 2868 1044 2911 meo
1067 2843 1204 2936 prodiis-

155 2975 247 3050 sent,
271 2976 491 3056 congregatos
517 2963 587 3056 ipse
610 2961 825 3056 dimitterem.
848 2960 942 3053 Quid
961 2964 1075 3052 enim..
1079 3014 1208 3031 ...........

156 3105 290 3174 quoque
311 3082 509 3150 auctoritate
529 3079 687 3150 editionis
706 3082 856 3168 onerari,
882 3104 987 3175 quum
1010 3081 1120 3151 adhuc
1147 3105 1210 3175 pro

104 3182 109 3188 ³
155 3185 325 3268 Thebaide
339 3223 413 3268 mea
424 3199 591 3296 (quamvis
607 3225 661 3269 me
677 3199 867 3294 reliquerit)
882 3200 1005 3269 timeo?
1018 3201 1084 3269 Sed
1096 3214 1130 3270 et
1143 3203 1209 3269 Cu·

156 3316 255 3390 licem
275 3317 431 3414 legimus,
454 3333 488 3388 et
509 3319 917 3414 Batrachomyomachiam
939 3320 1039 3388 etiam
1060 3321 1209 3414 agnosei-

155 3462 231 3506 mus
251 3463 259 3507 :
281 3463 343 3507 nec
366 3438 543 3548 quisquam
566 3453 616 3508 est
638 3437 818 3507 illustrium
842 3453 1037 3532 poetarum,
1058 3440 1117 3532 qui
1140 3462 1209 3507 non

156 3555 285 3650 aliquid
307 3556 465 3652 operibus
484 3558 552 3626 suis
571 3556 649 3626 stilo
669 3558 857 3626 remissiore
878 3555 1073 3651 praeluserit.
1093 3555 1210 3647 Quid?
1346 3640 1364 3648 Ι,

156 3677 248 3772 quod
259 3678 329 3746 haec
340 3701 452 3746 serum
466 3691 538 3746 erat
550 3677 740 3765 continere,
755 3701 860 3771 quum
875 3675 933 3744 illa
945 3701 1005 3745 vos
1021 3691 1111 3746 certe
1126 3701 1209 3770 quo-

155 3821 233 3864 rum
252 3796 375 3865 honori
397 3795 474 3864 data
494 3808 594 3884 sunt,
613 3795 790 3864 haberetis.
812 3795 878 3864 Sed
897 3794 987 3889 apud
1005 3808 1132 3864 ceteros
1153 3820 1210 3864 ne-

155 3940 244 3985 cesse
259 3929 310 3985 est
325 3912 469 3984 multum
487 3913 552 3983 illis
569 3928 684 4008 pereat
703 3939 744 3983 ex
764 3914 877 4001 venia,
898 3938 1003 4008 quum
1023 3915 1209 4000 amiserint,

155 4058 257 4128 quam
266 4032 371 4103 solam
384 4035 591 4122 habueruut,
607 4034 750 4129 gratiam
762 4032 949 4103 celeritatis.
963 4032 1105 4104 Nullum
1119 4033 1208 4101 enim

155 4177 195 4221 ex
220 4149 286 4224 illis
308 4153 413 4222 biduo
437 4151 570 4248 longius
596 4166 761 4240 tructum3
785 4151 937 4246 quaedam
961 4167 995 4222 et
1015 4154 1051 4221 in
1071 4149 1209 4247 singulis

316 4293 338 4340 ι.
1047 4295 1060 4340 1
