3080 5136
78 497 115 557 (v.
133 457 222 558 20⁵.)'
386 487 644 546 normannos
664 485 777 542 uena
798 485 836 539 n.
963 509 966 514 -
1024 493 1027 502 ⁴
1081 481 1138 558 289

78 625 156 690 Jam
173 618 326 714 clypeus,
341 616 543 708 breviorque
561 637 666 683 manu
685 610 897 681 consumitur
917 608 1028 698 hasta,

79 742 94 836 (
110 742 200 810 Mira
215 736 313 832 fides)
327 737 550 831 Ithacumque
565 735 715 805 humeris
730 732 887 804 excedere
907 732 1015 819 visus,

81 858 304 953 AEtolumque
321 858 441 929 ducem
458 883 466 925 ε
483 872 615 927 tantum
634 857 744 926 subita
763 880 876 942 arma,
896 851 1054 946 calorque

81 982 230 1050 Martius
249 979 419 1050 horrenda
438 978 617 1049 confundit
631 976 705 1048 luce
723 973 880 1072 penates!

80 1105 313 1196 Immanisque
331 1101 457 1198 gradu,
476 1127 538 1171 ceu
553 1101 707 1195 protinus
727 1103 874 1170 Hectora
888 1085 1049 1192 poscens,

82 1228 160 1295 Stat
175 1223 306 1294 medius
325 1223 516 1319 trepidante
532 1222 644 1292 domo.
660 1219 770 1291 Peleia
786 1223 882 1316 virgo

84 1346 275 1434 Quaeritur.
293 1348 353 1414 Ast
368 1343 433 1414 alia
448 1342 628 1438 plangebat
643 1358 738 1438 parte
756 1357 898 1412 retectos

84 1465 265 1535 Deidamia
282 1464 394 1554 dolos,
409 1467 505 1560 cujus
521 1469 627 1559 quum
641 1465 783 1561 grandia
798 1465 946 1559 primum

83 1589 268 1675 Lamenta,
290 1602 325 1655 et
339 1603 442 1657 suetas
465 1588 594 1681 accepit
613 1602 750 1681 pectore
773 1611 890 1674 voces,

84 1709 204 1796 Haesit,
229 1724 262 1778 et
278 1705 415 1779 occulto
439 1710 546 1779 virtus
569 1709 712 1779 infracta
732 1707 844 1779 calore
864 1724 924 1778 est.
1038 1801 1041 1810 Δ

84 1829 242 1898 Dimittit
259 1827 430 1924 clypeum,
451 1831 607 1925 regisque
623 1830 666 1898 ad
681 1828 808 1900 lumina
826 1855 957 1916 versus,

86 1952 282 2020 Attonitum
299 1951 390 2037 fatis,
408 1952 616 2046 inopinaque
637 1967 790 2022 monstra
808 1965 1003 2046 paventem,

85 2072 181 2140 Sicut
200 2086 288 2160 erat,
312 2072 430 2142 mediis
447 2073 672 2167 Lycomedem
689 2072 814 2142 affatur
835 2074 869 2141 iu
887 2072 1013 2140 armis:

141 2221 157 2254 «
177 2195 235 2260 Me
252 2192 331 2281 tibi,
346 2193 426 2262 care
441 2210 549 2288 pater,
564 2193 705 2264 dubium
723 2192 856 2263 dimitte
870 2195 1041 2271 timorem,

88 2315 149 2380 Me
166 2312 282 2382 Thetis
296 2311 385 2384 alma
399 2314 493 2385 dedit
508 2342 515 2384 :
533 2331 566 2384 tc
579 2315 711 2411 pridem
726 2331 819 2386 tanta
834 2316 991 2385 manebat

88 2432 237 2532 Gloria:
258 2437 435 2530 quaesitum
449 2439 576 2507 Danais
591 2452 628 2508 tu
652 2439 756 2507 mittis
770 2435 951 2524 Achillem,

90 2557 230 2625 Gratior
244 2571 279 2625 et
292 2582 434 2652 magno,
449 2559 476 2627 si
492 2558 541 2628 las
557 2559 695 2648 dixisse,
713 2574 870 2651 parente,

89 2681 136 2746 Et
151 2676 240 2746 dulci
255 2678 404 2748 Chirone
416 2680 499 2748 mihi
522 2707 530 2749 :
551 2680 608 2750 sed
626 2680 730 2751 corda
747 2706 931 2775 parumper

88 2803 167 2868 Huc
181 2798 318 2870 adverte
332 2797 458 2889 libens,
473 2815 574 2895 atque
588 2801 648 2872 has
662 2802 773 2870 bonus
787 2804 901 2895 accipe
914 2826 1023 2870 voces.
1067 2877 1068 2880 Ἴ

89 2923 140 2988 Te
156 2919 274 2990 Peleus
287 2938 367 2991 nato
386 2947 557 3010 socerum,
579 2936 613 2991 et
627 2923 742 2992 Thetis
759 2922 894 3015 hospita
905 2924 1071 3016 jungunt,

93 3039 317 3136 Allegantque
331 3067 409 3112 suos
426 3035 571 3136 utroque
587 3068 607 3113 a
623 3044 787 3138 sunguine
805 3045 922 3113 Divos.

95 3165 210 3232 Unam
227 3166 379 3260 virgineo
398 3148 556 3233 natarum
571 3191 612 3236 ex
628 3167 762 3261 agmine
779 3169 950 3260 poscunt

94 3284 235 3354 Dasue?
255 3310 299 3355 an
316 3311 377 3355 nos
397 3283 542 3356 humiles
560 3287 621 3355 tibi
643 3286 890 3382 degeneresque
908 3285 1092 3356 videmur?

93 3407 175 3476 Non
194 3407 307 3475 renuis
327 3434 334 3475 :
349 3407 456 3502 junge
474 3427 555 3504 ergo
578 3433 717 3510 manus,
738 3424 774 3480 et
790 3410 929 3510 concipe
948 3406 1077 3497 foedus,

94 3534 206 3620 Atque
223 3530 361 3624 ignosce
377 3509 470 3624 tuis:
494 3533 597 3600 tacito
611 3532 683 3624 jam
700 3531 835 3626 cognita
855 3530 944 3600 furto

93 3650 271 3720 Deidamia
291 3653 373 3720 mihi
394 3678 402 3720 ε
425 3653 500 3745 quis
520 3656 610 3724 enim
630 3653 683 3721 his
700 3630 833 3723 obstare
852 3652 1004 3744 lacertis,

93 3773 181 3860 Quae
200 3773 312 3866 potuit
332 3788 463 3842 nostras
485 3799 634 3868 possessa
653 3773 794 3844 evadere
813 3775 989 3845 flammas?

93 3897 154 3963 Me
174 3892 267 3964 luere
287 3895 350 3963 ista
369 3895 451 3989 jube
472 3921 480 3962 :
500 3920 592 3989 pono
613 3920 722 3984 arma,
744 3911 777 3964 ct
797 3895 902 3967 reddo
923 3896 1087 3992 Pelasgis,

94 4021 139 4086 Et
154 4041 275 4087 maneo
294 4043 302 4085 :
322 4015 405 4112 quid
425 4018 520 4086 triste
535 4016 675 4087 fremis?
693 4016 776 4111 quid
796 4017 927 4088 lumina
946 4017 1083 4088 mutas?

92 4144 168 4210 lam
183 4163 279 4209 socer
296 4163 332 4210 es
347 4137 481 4235 (uatum
499 4155 578 4210 ante
595 4139 696 4235 pedes
713 4141 873 4236 projecit,
893 4155 927 4210 et
945 4139 1053 4230 addit)
1070 4167 1077 4209 ε

243 4287 279 4331 ΙΙ.
975 4287 1016 4360 19
