3156 5138
408 495 462 554 140
759 487 935 544 eruum
956 487 1079 543 STATn
1339 487 1379 546 (e.
1399 503 1469 544 ιςυ.)

452 619 592 708 Jamque
611 599 737 684 cadunt
754 613 883 702 vultus,
900 613 1071 708 oculisque
1090 613 1287 682 novissimus
1302 635 1427 698 error,

404 734 605 828 Obtusaeque
621 759 733 823 auree,
753 737 817 804 nisi
833 759 938 829 quum
956 729 1020 803 v'cx
1039 733 1109 802 sola
1125 734 1236 802 mariti

403 856 562 926 Nascitur
585 882 593 924 :
617 854 711 925 illum
731 881 838 926 unum
860 847 968 926 media
986 856 1027 924 de
1046 853 1304 924 morte'reversa
1338 917 1341 920 .

402 978 499 1045 Mens
515 977 622 1063 videt;
639 974 734 1046 illum
749 979 846 1074 agris
862 977 1049 1048 circumdat
1063 977 1194 1045 fortiter
1209 973 1298 1044 ulnis

401 1100 560 1168 Immctas
576 1079 716 1170 cliversa
731 1123 849 1194 genas3
866 1121 926 1168 nec
942 1096 1010 1168 sole
1026 1121 1183 1192 supremo
1197 1099 1201 1108 '

337 1265 349 1285 .
400 1221 563 1306 Lumina,
580 1219 640 1289 sed
655 1218 745 1289 dulci
762 1218 889 1288 mavult
904 1221 1024 1290 satiare
1039 1222 1171 1288 marito.

400 1342 495 1409 Tunc
514 1343 561 1410 sic
581 1343 778 1410 unanimum
799 1342 946 1410 moriens
963 1339 1091 1411 solatur
1106 1335 1299 1410 amantem:

447 1491 464 1526 e
475 1465 557 1531 Pars
573 1464 693 1530 animae
710 1463 839 1530 victura
856 1486 953 1549 meae,
970 1463 1024 1531 cui
1046 1459 1197 1555 linquere
1216 1483 1346 1554 possem

399 1584 431 1650 Ο
451 1583 580 1650 utinam
600 1607 685 1675 quos
704 1581 789 1653 dura
805 1582 889 1651 mihi
907 1583 996 1675 rapit
1013 1579 1161 1675 Atropds
1182 1583 1301 1668 annos,

399 1705 516 1788 Parce,
535 1727 669 1798 precor,
690 1702 862 1796 lacrymis,
880 1725 966 1772 saevc
986 1727 1048 1771 nec
1066 1695 1207 1769 concute
1224 1698 1363 1794 planctu

396 1825 556 1910 Pectora,
575 1824 637 1893 u'ec
658 1824 768 1892 crucia
786 1823 970 1917 fugientem
990 1805 1141 1916 conjugis
1158 1821 1320 1890 umbram.

397 1943 531 2035 Linquc
548 1943 703 2037 equidem
721 1929 900 2032 thalamos,
917 1942 1009 2012 salvo
1030 1956 1142 2012 tamen
1160 1941 1292 2031 ordine,
1310 1957 1460 2012 moestos

396 2061 500 2150 Quod
518 2063 613 2158 prior
633 2065 727 2158 exegi
743 2051 843 2159 longa
861 2054 992 2157 poticra
1011 2055 1144 2132 senecta

395 2185 581 2276 Tempora;
598 2183 668 2252 vidi
689 2185 781 2252 omni
800 2198 832 2252 te
852 2183 982 2277 pridem
1002 2185 1037 2250 in
1054 2183 1137 2252 flore
1154 2185 1329 2272 nitentem,

394 2303 474 2373 Vidi
495 2303 570 2408 altae
590 2305 729 2400 propius
750 2291 955 2400 propiusque
975 2304 1132 2374 accedere
1150 2305 1298 2374 dextrae:

395 2425 472 2494 Non
493 2425 529 2492 in
550 2439 582 2496 te
601 2427 708 2514 Fatis,
729 2451 798 2494 non
811 2428 882 2520 jam
899 2413 1097 2496 Coeleetibus
1118 2425 1195 2497 ullis

393 2544 597 2630 Arbitrium
617 2569 748 2614 mecum
767 2548 830 2616 ista
847 2545 918 2616 fero
936 2572 946 2614 t
964 2560 1000 2616 tu
1018 2545 1126 2616 limite‘
1142 2543 1252 2642 coeplo

393 2663 509 2732 'sende
528 2662 651 2752 libens,
672 2689 870 2759 sacrumque
890 2664 991 2755 latus,
1012 2663 1228 2762 Geniumque
1246 2682 1425 2762 potentem

392 2784 597 2878 Irrequietus
617 2809 693 2855 ama
709 2813 718 2854 ε
737 2811 843 2875 nunc,
864 2788 956 2882 quod
976 2789 1071 2884 cupis
1090 2791 1160 2883 ipse
1176 2781 1303 2884 juberi,
1352 2787 1355 2792 ’
1441 2795 1444 2800 “

392 2907 444 2974 Da
464 2904 662 3000 Capitolinis
684 2923 845 2977 aternum
865 2909 998 2979 sedibus
1018 2899 1159 2996 aurum,
1248 2929 1250 2936 '

390 3027 471 3114 Quo
487 3027 617 3096 niteant
634 3029 718 3097 sacri
734 3025 878 3098 centeno
894 3031 1043 3124 pondere
1059 3029 1171 3101 vultus

389 3146 546 3233 Caesaris3
566 3161 600 3216 et
618 3135 761 3242 propriae
780 3151 875 3245 signa
895 3148 1044 3222 cultricis
1063 3143 1224 3224 amorem.

388 3265 442 3334 Sic
461 3291 524 3361 ego
539 3249 607 3337 nec¹
618 3270 753 3357 Furias,
770 3295 832 3340 nec
849 3271 1015 3342 deteriora
1031 3273 1165 3343 videbo'

388 3386 541 3475 Tartara,
559 3402 592 3457 et
606 3387 733 3482 Elysias
751 3388 831 3459 felix
845 3391 1005 3462 admittar
1023 3395 1058 3462 in
1078 3418 1164 3464 oras.
1176 3425 1194 3460 u

436 3508 515 3575 Haec
531 3506 612 3576 dicit
628 3507 758 3599 labens,
777 3513 949 3605 sociosque
967 3512 1183 3607 amplectitur
1201 3529 1312 3604 artus,

387 3625 644 3720 Haerentemque
665 3630 811 3699 animam
832 3656 900 3702 non
921 3619 1026 3703 tristis
1047 3638 1081 3703 in
1101 3623 1160 3704 ora
1181 3629 1295 3706 mariti

385 3743 587 3836 Transtulit,
604 3761 636 3817 et
656 3774 733 3820 cara
752 3753 871 3845 pressit
891 3778 951 3824 sua
969 3754 1097 3824 lumina
1114 3756 1240 3828 dextra.

385 3865 429 3934 At
443 3866 593 3958 juvenis,
613 3893 735 3966 magno
756 3873 944 3944 flammatus
965 3885 1102 3970 pectora
1123 3876 1235 3965 luctu,

386 3986 417 4054 N
421 4010 486 4056 unc
507 3988 623 4084 implet
643 4016 729 4060 saevo
748 3992 867 4064 viduos
885 3981 1030 4066 clamore
1048 4011 1201 4092 penates;

384 4107 485 4178 Nunc
506 4109 632 4181 serrum
654 4109 765 4183 laxare
786 4117 893 4210 cupit;
915 4141 1004 4188 1111111
1025 4116 1260 4188 ardua'tendit
