3206 5136
366 433 375 442 '
404 447 442 506 se
713 453 934 512 unanimos
957 455 1069 512 nunu
1092 456 1143 512 ru
1343 458 1459 522 aaa.)

400 579 528 670 Argus,
545 573 664 671 Aquae!
687 577 876 674 longusque
896 580 1007 650 virum
1025 585 1127 676 super
1143 607 1203 652 ora
1218 591 1368 654 cucurrit

400 693 552 784 Clamor,
569 695 691 792 Aqua!
713 699 761 768 sic
780 699 950 769 Ambracii
971 725 1032 796 per
1049 701 1149 772 litora
1166 705 1261 798 ponti
1318 785 1326 800 ἱ

399 817 564 922 Nauticus
583 820 619 889 in
638 821 739 889 remis
755 821 918 914 jrrvenum
940 835 1149 893 monstrante
1168 827 1329 920 magistro

399 939 454 1007 Fit
472 939 591 1029 sonus,
607 942 711 1034 inque
722 943 835 1010 uicem
852 956 971 1012 eontra
986 967 1144 1037 pereussa
1161 942 1321 1016 reclamat

400 1061 520 1148 Terra,
538 1058 703 1130 salutatus
720 1086 828 1156 quum
846 1062 1002 1133 leucada
1019 1063 1137 1159 pandit
1157 1063 1288 1160 Apollo.

448 1181 636 1252 Incubuere
652 1181 747 1252 vadis
766 1183 889 1278 passim
904 1182 1098 1254 discrimine
1118 1180 1213 1256 nullo

400 1302 514 1372 Turba
534 1301 649 1394 simul,
670 1303 839 1400 primique
859 1329 867 1374 ε
886 1305 1005 1399 nequit
1021 1329 1193 1394 secernere
1209 1307 1329 1376 mixtos

400 1425 509 1518 Qua
529 1425 601 1494 sitis
620 1450 628 1494 ε
645 1423 779 1495 ’ἠεηαῑα
800 1426 869 1494 suis
885 1425 921 1494 in
938 1427 1093 1496 curribus
1110 1426 1239 1497 intrant

401 1549 584 1634 Armenta,
601 1559 636 1615 et
654 1543 743 1639 pleni
758 1545 922 1635 dominis,
941 1549 1109 1642 armisque
1124 1546 1280 1619 feruntur

401 1665 668 1761 Quadrupedem
688 1667 751 1736 hos
768 1667 871 1736 turbo
887 1691 1006 1762 rapax,
1025 1668 1088 1738 bos
1104 1666 1234 1739 lubrica
1249 1667 1370 1738 fallunt

403 1790 489 1856 Saxa
506 1813 514 1856 ε
534 1811 596 1857 neo
617 1785 797 1882 implicitos
815 1787 920 1857 fluvio
939 1785 1125 1872 reverentia
1142 1814 1237 1884 reges

400 1909 598 1994 Proterere,
618 1922 679 1978 aut
696 1907 849 1977 mersisse
867 1907 955 1978 vado
972 1905 1148 1979 clamantis
1164 1910 1263 1979 amici

401 2029 481 2096 Ore.
499 2029 663 2096 Fremunt
680 2026 799 2116 unda,
817 2023 1005 2121 longusque
1023 2050 1044 2095 a
1060 2025 1215 2098 sontibus·
1227 2030 1333 2098 amnis

401 2145 585 2241 Diripitur3
602 2145 703 2221 modo
724 2144 798 2216 lene
815 2147 946 2234 virens,
967 2161 1005 2216 et
1019 2147 1153 2243 gurgite
1171 2172 1257 2242 puro

401 2268 625 2361 Perspicuus,
643 2290 734 2336 nunc
753 2265 867 2337 sordet
883 2267 979 2361 aquia
994 2268 1189 2362 egestus'ab
1209 2268 1277 2338 imo

401 2385 526 2458 Alveus
543 2415 552 2457 ε
570 2385 650 2482 inde
669 2401 762 2457 toros
777 2387 945 2482 riparum,
961 2401 995 2457 et
1012 2402 1153 2483 proruta
1169 2389 1308 2457 turbant
1337 2435 1340 2442 .

403 2508 567 2577 Gramina
587 2533 596 2578 ε
614 2507 685 2604 jam
702 2531 835 2578 erasnm
852 2531 1016 2603 ooenoque
1034 2521 1069 2577 et
1086 2506 1226 2603 pulvere
1247 2523 1394 2598 torrens,

403 2629 609 2722 Quanquam
628 2624 762 2724 expleta
781 2628 871 2719 sitis,
889 2627 1018 2698 bibitur
1035 2641 1159 2698 tamen.
1180 2626 1425 2722 Agminabello

402 2752 584 2819 Decertnre
604 2764 723 2844 putes,
737 2749 934 2845 justumque
954 2749 989 2821 in
1010 2749 1143 2845 gurgite
1159 2751 1306 2818 Martem

401 2868 595 2959 Perlurere,
613 2884 647 2938 et
666 2884 799 2964 captam
816 2866 888 2938 tolli
910 2869 1093 2938 victoribus
1110 2868 1238 2944 urbem.

450 2993 563 3085 Atque
580 2989 702 3085 aliquis
722 3014 841 3087 regum
861 2988 974 3059 medio
990 2989 1210 3059 circumfluus
1228 2991 1320 3060 amni
1343 3016 1350 3058 :

402 3143 419 3178 a
436 3110 624 3200 Silvarum,
642 3111 786 3200 Nemee,
804 3109 905 3205 longe
921 3111 1037 3206 regina
1056 3111 1244 3200 virentum,

402 3235 506 3303 Lecta
519 3233 598 3334 'Jovi
620 3232 730 3319 sedes,
746 3255 849 3326 quam
865 3253 971 3318 nunc,
991 3255 1059 3300 non
1077 3228 1231 3300 Herculis
1247 3233 1329 3302 actis

403 3355 499 3424 Dura
515 3354 636 3448 magis,
654 3350 763 3423 rabidi
778 3375 885 3445 quum
904 3347 990 3421 colla
1005 3352 1171 3422 minantia
1186 3355 1329 3422 monstri

402 3477 570 3570 Angeret,
589 3487 624 3544 et
638 3471 787 3542 tumidos
803 3471 950 3541 animam
970 3485 1167 3567 angustaret
1184 3473 1221 3541 in
1239 3487 1331 3544 artus
1348 3499 1356 3542 :

402 3599 474 3665 Hae
491 3594 621 3664 sevisse
638 3607 736 3664 tenus
752 3589 959 3689 populorum
979 3591 1114 3686 incepta
1137 3607 1274 3662 tuorum

404 3713 582 3786 Sufficiat:
599 3728 706 3806 tuque
723 3738 744 3783 o
762 3713 893 3782 cunctis
910 3712 1041 3783 insuete
1057 3712 1189 3782 domari

403 3833 558 3922 Solibus,
571 3848 703 3904 reternae
719 3831 860 3928 largitor
880 3834 1035 3928 corniger
1056 3830 1173 3923 undae,

403 3959 515 4028 Laetus
532 3980 607 4058 eas,
624 3978 826 4054 quacunque
844 3953 946 4023 domo
963 3950 1072 4048 gelida
1087 3978 1148 4022 ora
1163 3953 1302 4024 resolvis

405 4076 600 4150 Immortale
620 4092 756 4146 tumens
779 4103 787 4146 :
810 4075 1026 4171 nequeenim
1048 4074 1107 4144 tibi
1128 4100 1211 4146 cana
1232 4095 1379 4174 repostas
