3156 5138
145 515 184 570 θ’·
196 510 250 570 ¹⁰·l
480 513 677 576 sttvttttttt
698 511 807 576 LIBER
830 511 878 567 1v.

204 641 293 736 Ergo
314 636 405 734 quod
425 639 580 708 Ausoniae
598 654 692 733 pater
711 637 964 733 augustissimus
984 634 1081 722 urbis

149 765 213 831 Ius
231 763 294 831 tibi
311 760 503 856 tergemina
521 759 657 828 dederat
676 756 817 827 laetabile
832 755 957 851 prolis,

151 885 266 953 Omen
285 897 382 952 crat:
403 881 495 950 venit
515 880 614 950 toties
631 879 777 966 Lucina,
799 878 959 971 piumque

150 1005 296 1073 Intravit
314 1002 454 1096 repetita
475 997 606 1070 larem:
628 1001 680 1068 sic*
694 997 830 1083 fertilis,
849 1021 931 1083 oro,

154 1125 229 1192 Stet
246 1122 385 1207 domus,
404 1135 438 1190 et
455 1119 553 1190 donis
569 1144 742 1212 nunqnam
763 1117 889 1188 nudata
908 1119 1056 1188 sacratis.

203 1245 330 1329 Macte,
349 1239 441 1334 quod
460 1255 496 1310 et
513 1239 622 1334 proles
639 1241 699 1310 tibi
716 1239 834 1334 sepius
850 1253 950 1308 aucta
965 1235 1055 1307 virili

151 1362 288 1432 Robore
305 1386 314 1430 t
332 1384 369 1430 se
377 1360 495 1454 juveni
510 1360 654 1448 mediam
669 1358 727 1429 dat
743 1361 838 1452 virgo
855 1358 984 1452 parenti
1001 1383 1010 1427 τ

152 1479 299 1577 [Aptior
316 1481 369 1549 bia
386 1480 515 1568 virtus,
534 1471 744 1569 citius]dabit
761 1477 818 1549 illa
836 1492 983 1573 nepotes.

151 1598 270 1689 Qualis
290 1599 450 1670 maternis
468 1597 596 1669 Helene
612 1600 682 1692 jam
702 1598 803 1693 digna
823 1597 986 1693 palaestris

151 1724 247 1790 Inter
265 1719 446 1816 Amyclreos
466 1719 619 1813 reptabat
638 1718 781 1788 candida
798 1719 937 1807 fratres3

152 1838 217 1911 Vel
233 1839 342 1934 qualis
357 1838 432 1910 coeli
448 1840 567 1928 lacios,
585 1840 642 1909 ubi
660 1855 758 1910 nocte
773 1863 888 1910 serena

152 1958 340 2030 Admovere
353 1960 453 2054 jubar
468 1958 586 2030 medita
601 1959 669 2028 duo
685 1959 794 2030 sidera
810 1959 907 2031 lune.

153 2079 222 2149 Sed
241 2104 365 2172 queror
385 2077 477 2149 haud
500 2076 631 2165 faciles,
649 2080 811 2172 juvenum
834 2081 1022 2168 rarissime,
1043 2097 1197 2174 questus,

150 2202 346 2292 Irascorque
362 2201 482 2286 etiarn,
500 2213 663 2292 quantum
678 2199 868 2268 irascuntur
884 2214 1043 2269 amantes.

150 2321 302 2387 Tantane
319 2343 372 2387 me
389 2318 500 2388 decuit
519 2317 649 2412 vulgari
666 2316 787 2414 gaudia
802 2317 890 2388 lama

150 2437 320 2510 Nascere?
334 2463 505 2533 quumque
521 2417 583 2508 tibi
600 2440 728 2534 vagiret
742 2439 860 2508 tertius
878 2439 1006 2528 infans,

148 2559 309 2630 Protinus
327 2559 455 2653 ingenti
473 2583 542 2628 non
558 2560 651 2628 venit
666 2559 785 2628 nuntia
802 2583 901 2629 cursu

149 2655 294 2764 Littera,
313 2703 388 2771 quae
407 2677 509 2747 festos
528 2676 699 2747 cumulare
718 2677 876 2748 altaribus
896 2680 1004 2773 ignes,

149 2800 194 2866 Et
213 2794 371 2865 redimire
390 2795 528 2890 chelyn,
546 2814 722 2892 postesque
741 2823 861 2869 ornare
878 2799 1031 2892 juberet,

96 2949 98 2952 ·
149 2913 348 3009 Albanoque
368 2914 488 2986 cadum
507 2917 695 2987 sordentem
714 2943 866 3013 promere
883 2917 996 3004 fumo,

148 3038 195 3104 Et
211 3048 303 3103 creta
323 3036 455 3138 signare
475 3035 587 3104 diem?
605 3035 664 3105 sed
681 3037 796 3106 tardus
813 3039 968 3130 inersque

148 3137 253 3223 Nunc
271 3152 406 3223 demum
422 3179 495 3224 mea
511 3170 591 3225 vota
607 3157 713 3226 cano?
733 3170 791 3226 tua
809 3156 926 3250 culpa,
945 3169 1089 3252 tuusque

147 3273 212 3343 Hic
230 3273 363 3367 pudor:
380 3272 521 3344 ulterius
536 3275 593 3346 sed
610 3279 700 3346 enim
715 3277 901 3371 producere
916 3291 1053 3372 questus
1125 3305 1128 3312 ·

146 3394 227 3463 Non
247 3392 344 3480 licet;
364 3419 406 3463 en
426 3393 542 3465 hilaris
562 3399 757 3466 circumstat
776 3397 875 3466 turba
892 3410 1049 3485 tuorum,

147 3513 375 3608 Defensatque
393 3531 523 3609 patrem
542 3541 550 3585 ε
569 3540 669 3611 quem
689 3542 757 3585 non
777 3518 843 3586 hoc
861 3517 994 3612 agmine
1012 3517 1148 3587 vincas?

196 3632 242 3702 Di
262 3635 383 3727 patrii,
400 3660 485 3730 quos
502 3637 650 3732 auguriis
671 3661 770 3731 super
785 3661 920 3731 aequora
935 3638 1065 3734 magnis

147 3753 244 3822 Litus
263 3752 306 3822 ad
322 3756 510 3825 Ausonium
531 3755 662 3826 devexit
682 3758 825 3827 Abantia
844 3756 975 3845 classis3

146 3875 221 3958 Tu,
242 3871 363 3944 ductor
383 3873 498 3972 populi
518 3873 618 3972 longe
636 3878 848 3972 migrantis,
868 3873 1013 3970 Apollo,

147 3993 255 4085 Cujus
272 3993 381 4065 adbuc
396 3996 568 4068 volucrem
587 3996 667 4067 taeva
689 3999 816 4068 cervice
834 3997 1003 4069 sedentem

147 4113 341 4205 Respiciens
357 4115 480 4186 blande
495 4116 574 4187 felix
591 4117 740 4190 Eumelis
756 4119 892 4206 adorat;
