3206 5136
152 435 185 499 (v.
198 437 271 501 oo)
465 437 683 496 Tflueamos
704 440 816 522 nmen
836 440 885 496 iv.

153 571 328 661 Pugnaces
343 563 482 660 animm)
502 566 600 636 nobis
620 568 837 662 insanguine
855 564 962 636 multo

152 691 310 780 Oraque,
329 701 548 782 pectoraque,
567 701 601 756 et
618 686 701 757 falso
717 685 864 756 clamore
880 663 1021 756 levatas·

151 806 340 876 Intendunt
357 807 429 877 sine
449 831 532 902 pace
550 807 692 878 manus?
707 833 784 893 rex,
803 805 922 895 fallor,
944 815 991 877 an'
1006 807 1042 876 hi
1060 820 1139 876 sunt

152 929 411 1022 Quinquaginta
434 925 512 997 illi?
534 929 644 998 cernis
662 929 941 1022 Chthoniumque
959 907 1215 1018 Chrominque,

152 1048 374 1146 Phegeaque,
392 1065 428 1119 et
453 1063 568 1118 nostra
587 1033 787 1144 presignem
799 1052 938 1118 Maeona
955 1032 1063 1117 lauro.

154 1171 209 1238 Ne
226 1169 360 1256 saevite,
383 1169 516 1240 duces:
539 1168 624 1240 nihil
641 1171 697 1240 bic
715 1169 916 1240 mortalibus
935 1193 1054 1240 ausum

69 1309 73 1318 ·
154 1289 296 1359 Credite
312 1288 462 1360 consiliis
482 1317 490 1360 ε
508 1291 570 1360 hos
589 1291 697 1362 ferrea
708 1308 853 1362 ¹neverat
872 1317 982 1362 annos
1004 1297 1007 1304 ’

155 1415 303 1506 Atropos
320 1437 328 1480 ε
350 1413 464 1482 existis
481 1437 578 1484 casus
601 1423 614 1482 τ’
631 1411 721 1482 bella
738 1413 876 1484 horrida
894 1414 1007 1496 nobis,

157 1537 273 1628 Atque
290 1535 416 1603 iterum
435 1534 611 1630 Tydeus»
630 1536 745 1624 Dixit,
765 1538 917 1629 vittaque
935 1535 1056 1631 ligatis*

158 1653 351 1724 Fraudibus
368 1656 536 1726 instantes
554 1657 677 1751 abigit,
694 1667 928 1750 monstratque
943 1681 1109 1726 cruorem.

208 1775 326 1848 Stabat
346 1779 445 1873 inops
462 1780 625 1848 comitum
645 1781 764 1872 Cocyti
775 1780 817 1847 in
834 1776 933 1846 litore
951 1791 1070 1846 moesto

162 1897 284 1986 Laius,
303 1897 427 1968 immiti
442 1923 544 1993 quem
557 1900 627 1993 jam
647 1902 740 1970 Deus
758 1899 826 1969 ales
842 1903 979 1970 Averno

162 2018 388 2107 Reddiderat,
408 2018 596 2115 dirumque
610 2035 711 2090 tuens
731 2020 872 2114 obliqua
888 2036 1045 2116 nepotem

164 2139 306 2234 (Noscit
323 2140 415 2208 enim
432 2138 569 2235 vultu),
587 2165 657 2209 non
674 2139 731 2208 itte
750 2155 811 2209 aut
827 2142 1001 2236 sanguinis
1019 2141 1177 2229 haustus,

163 2263 295 2329 Cretera
313 2285 376 2328 ceu
395 2257 530 2354 plebes,
551 2259 699 2329 aliumve
719 2261 851 2330 accedit
869 2261 1087 2344 aid-imbrem,
1192 2287 1196 2298 ’

163 2379 359 2450 Immortale
380 2379 496 2449 odium
517 2381 650 2475 spirans
671 2407 679 2450 :
701 2379 760 2450 sed
779 2381 915 2476 prolicit
937 2381 1028 2451 ultro

163 2503 294 2571 Aonius
312 2517 404 2572 vates
422 2527 431 2570 ε
457 2531 474 2566 α
489 2501 600 2596 Tyriae
616 2501 690 2571 dux
709 2499 834 2596 inclyte
853 2502 1002 2592 Thebes,

165 2624 273 2718 Cujus
289 2624 332 2693 ab
352 2603 492 2694 interitu
512 2649 580 2694 non
600 2620 670 2692 ulla
687 2625 890 2718 Amphionis
910 2649 1003 2694 arces

165 2744 262 2816 Vidit
279 2745 387 2814 amica
404 2744 476 2814 dies
493 2770 501 2813 :
519 2770 544 2834 o
556 2745 627 2839 jam
649 2745 730 2814 satis
744 2743 816 2814 ulte
832 2761 1025 2814 cruentum¹

165 2866 338 2955 Exitium,
356 2881 390 2935 et
406 2864 557 2936 multum
575 2863 707 2960 placata
726 2867 915 2935 minoribus
937 2867 1074 2953 umbra,

166 2989 285 3076 Quos,
301 2986 512 3074 miserande,
533 2984 651 3081 fugis?
667 2987 758 3080 jacet
778 2983 834 3055 ille
853 2986 1027 3056 in'funere
1048 2985 1153 3082 longo

167 3110 281 3197 Quem
301 3109 443 3202 premis,
460 3123 494 3178 et
506 3108 636 3202 junctae
652 3110 755 3178 sentit
772 3107 920 3178 confinia
941 3108 1079 3196 mortis,
1145 3125 1148 3132 ·
1190 3127 1194 3134 ’

168 3227 310 3300 Obsitus
325 3229 507 3298 exhaustos
521 3227 649 3324 pedore
665 3243 700 3297 et
718 3229 883 3323 sanguine
905 3227 1038 3312 vultus,

168 3350 374 3444 Ejectusque
392 3348 447 3418 die
469 3375 570 3420 :sors
592 3348 659 3419 leto
678 3348 796 3419 durior
814 3350 943 3436 omni,
988 3366 990 3374 ’

170 3469 281 3542 Crede
299 3471 384 3540 mibi
403 3496 410 3540 :
432 3495 587 3564 quaenam
608 3472 815 3540 immeritum
834 3471 940 3539 vitare
958 3483 1118 3562 nepotem

171 3577 281 3662 ciusa
299 3591 383 3661 tibi?
402 3591 519 3661 oonser
540 3591 746 3676 vultum,'et
761 3593 884 3660 satiare
903 3589 1014 3660 litanti

171 3715 359 3808 Sanguine,
379 3727 609 3806 venturasque
627 3715 733 3801 vices,
750 3728 783 3782 et
804 3713 924 3782 funera
940 3709 1020 3780 belli
1070 3733 1073 3738 ·

171 3832 285 3902 Pande
303 3831 354 3904 vel
377 3834 545 3921 infensus,
565 3833 618 3903 vel
640 3860 693 3902 res
713 3834 871 3902 miserate
889 3847 1038 3900 tuorum.

171 3956 268 4023 Tunc
287 3979 351 4049 ego
368 3969 402 4024 te
417 3969 536 4048 optata
558 3954 695 4022 vetitam
715 3955 945 4022 transmittere
966 3953 1096 4020 Lethen

172 4079 292 4170 Puppe
309 4073 416 4162 dabo,
438 4073 679 4172 placidumque
700 4076 755 4169 pia
773 4071 895 4142 tellure
906 4095 1095 4166 reponam,
