3206 5136
159 441 260 548 (irs.)
409 479 419 494 ’
489 479 704 538 rnnnnmos
727 479 836 536 nnus
860 479 895 533 v.
1177 475 1212 532 ax

160 611 225 679 Dic
240 608 315 703 quis
334 621 368 677 et
389 604 444 676 ille
462 606 578 702 pater?
596 631 706 700 neque
724 607 814 675 enim
835 604 894 674 tibi
914 604 1052 674 numina
1071 601 1189 699 longe,

158 728 345 798 Transierit
362 725 502 796 fortuna·
515 725 593 796 licet
610 753 618 794 ε
639 727 814 820 majorque
831 749 967 820 perora

159 850 321 944 Sanguis,
339 860 372 915 et
390 845 514 916 afflicto
533 847 639 940 spirat
657 846 844 915 reverentia
863 843 999 915 multu.»

208 968 367 1063 Ingemit,
387 981 421 1036 et
438 964 590 1061 paullum
607 965 687 1035 lletu
704 980 860 1036 cunctata
879 964 1030 1034 modesto

158 1090 315 1158 Lemnias
334 1111 411 1156 orsa
429 1085 530 1156 refert
548 1113 557 1155 ε
577 1115 594 1150 a
607 1086 770 1155 Immania
786 1084 944 1174 vulnera,
965 1099 1091 1170 rector,
1132 1151 1135 1162 ,

158 1211 329 1302 Integrare
346 1206 463 1302 jubes,
483 1205 604 1292 firmas,
627 1219 660 1276 et
681 1208 852 1293 Lemnon,
873 1219 908 1274 et
925 1206 1025 1274 arctis

157 1331 261 1398 Arma
280 1329 405 1396 inserta
425 1329 524 1414 toris,
544 1324 792 1420 debellatosque
811 1324 969 1420 pudendo

158 1451 248 1517 Ense
267 1471 376 1516 mares
397 1473 405 1517 ε
429 1446 517 1515 redit
534 1470 611 1516 ecce
631 1446 739 1533 nefas,
760 1461 793 1514 et
812 1444 932 1540 frigida
950 1444 1043 1514 cordi

157 1569 343 1638 Eumenis:
364 1592 384 1635 ο
405 1569 552 1652 miserae,
568 1567 691 1660 quibus
708 1566 763 1635 hic
780 1565 875 1634 linror
894 1561 1041 1634 additus!
1063 1589 1084 1632 ο
1102 1560 1185 1633 uox!

157 1691 190 1760 Ο
211 1684 321 1782 pater!
344 1686 401 1757 illa
419 1711 481 1781 ego
502 1711 576 1756 snm
597 1685 807 1782 (pudeatne
826 1685 912 1755 forte
931 1685 1083 1780 benignae

157 1806 350 1902 Hospitis),
371 1805 444 1890 illa,
463 1806 584 1896 duces,
603 1821 737 1902 raptum
755 1830 829 1899 quae
846 1804 916 1875 sola
935 1820 1108 1900 parentem

157 1926 301 1998 Occnlui
322 1953 330 1996 :
351 1926 433 2021 qnid
451 1926 552 2022 longa
566 1926 661 1995 malis
680 1926 816 1997 exordia
833 1926 953 1996 necto?

156 2053 200 2118 Et
218 2073 277 2117 vos
296 2071 389 2116 arma
406 2063 548 2133 vocant,
567 2031 748 2142 magnique
768 2047 802 2115 in
821 2046 922 2115 corde
940 2062 1085 2142 paratus.

157 2174 229 2240 Hoc
250 2193 451 2238 memorasse
471 2183 524 2237 sat
542 2185 609 2254 est;
631 2167 722 2238 claro
740 2182 898 2263 generata
918 2169 1087 2254 Thoante,

156 2292 336 2360 Servitium
355 2286 537 2383 Hypsipyle
555 2290 656 2358 vestri
677 2289 747 2358 fero
767 2303 866 2383 capta
885 2289 1071 2382 Lycurgi.»

205 2409 389 2480 Advertere
408 2411 556 2494 animos,
576 2411 768 2503 maj0rque,
786 2424 820 2478 et
837 2409 966 2478 honora
989 2407 1093 2477 videri

154 2534 287 2625 Parque
305 2531 396 2624 operi
418 2544 511 2599 tanto
528 2555 537 2599 :
555 2531 685 2600 cunctis
704 2545 784 2599 tunc
800 2554 937 2600 noscere
955 2553 1051 2598 casus

155 2654 261 2720 Ortus
277 2676 373 2722 amor
391 2677 399 2720 :
418 2667 513 2746 pater
532 2667 608 2720 ante
628 2650 709 2720 alios
730 2650 884 2720 hortatur
902 2649 1072 2719 Adrastus.

205 2775 343 2841 «Immo
361 2796 439 2866 age,
459 2771 541 2840 dum
562 2773 660 2865 primi
681 2770 780 2868 longe
799 2770 918 2840 damus
943 2771 1078 2864 agmina
1097 2768 1209 2864 vrtlgi,

152 2892 225 2960 Nec
243 2889 348 2959 facilis
370 2893 496 2960 Nemee
516 2889 599 2960 latas
616 2889 769 2960 evolvere
786 2893 893 2980 vires,

153 3012 290 3105 Quippe
305 3010 442 3079 obtenta
457 3012 579 3096 comis,
597 3026 630 3080 et
648 3009 868 3080 ineluctabilis
888 3010 1027 3098 umbra,

153 3131 267 3200 Pande
287 3130 396 3218 nesus,
415 3129 597 3225 laudesque
615 3146 705 3218 tuas,
727 3133 938 3227 gemitusque
957 3146 1110 3216 tuorum,

153 3250 254 3320 Unde
269 3250 331 3321 hos
350 3249 507 3320 advenias
525 3276 631 3346 regno
650 3251 779 3346 dejecta
797 3253 939 3322 labores.
1040 3239 1046 3247 ’

152 3369 260 3440 Dulce
280 3370 372 3465 loqui
393 3373 541 3456 miseris,
564 3387 758 3466 veteresque
778 3372 941 3442 reducere
959 3389 1136 3467 questus.»
1193 3363 1196 3372 ¹

202 3491 325 3584 Incipit
346 3516 355 3560 s
377 3521 394 3554 a
408 3493 522 3585 AEgaeo
541 3493 707 3586 premitur
725 3492 922 3562 circumflua
941 3496 1054 3562 Nereo

154 3611 316 3695 Lemnos,
336 3610 556 3705 ubiignifcra
577 3611 680 3680 lessus
697 3615 838 3708 respirat
854 3613 897 3682 ab
914 3615 1015 3682 AEtna

152 3727 346 3800 Mulciber:
365 3731 493 3825 ingenti
511 3729 664 3801 tellurem
681 3735 855 3827 proximus·
871 3735 990 3803 umbra
1044 3741 1048 3754 ‘

153 3851 264 3918 Vestit
282 3849 406 3940 Athos,
428 3875 672 3947 nemorumque
692 3854 849 3922 obscurat
866 3855 1012 3950 imagine
1031 3872 1183 3948 pontum.

45 3973 54 3988 '
151 3971 297 4041 Thraces
314 3987 412 4040 arant
428 3987 546 4043 contra
563 3999 572 4040 :
589 3973 758 4042 Thracum
777 3973 890 4043 fatalia
906 3975 1003 4044 nobis

153 4089 287 4178 Litora,
306 4103 341 4158 et
357 4090 434 4160 inde
451 4090 554 4162 nefas.
573 4091 732 4162 Florebat
746 4093 838 4164 dives
854 4093 999 4164 alumnis
