3200 5142
186 379 225 440 l*-
237 381 310 444 41³.)
526 379 743 438 ›Tnnssmnos
763 383 872 440 LIBER
894 383 917 438 1.
1195 384 1249 440 183

188 509 372 578 Exscrtum
393 507 572 594 humeros,
593 507 787 602 nudamque
803 505 964 577 lacessere
982 533 1141 605 pugnam.

189 627 324 698 Celsior
344 626 399 698 ille
416 627 523 726 gradu
541 625 683 725 procero
703 631 742 698 in
757 629 925 715 membra,
946 628 1112 721 simulque

190 737 330 846 Integer
345 766 534 839 annornm,
552 749 613 820 sed
633 775 703 826 non
722 766 756 820 et
776 749 906 821 viribus
924 751 1014 820 infra

190 870 308 964 Tydea
324 870 391 941 fert
410 873 561 960 animus,
576 885 737 966 'totosque
749 871 941 967 'infiisa'per
957 888 1049 942 artus

192 991 307 1085 Major
324 992 359 1061 in
378 993 501 1088 exiguo
519 992 683 1088 regnabat
700 1015 844 1087 corpore
860 991 977 1062 virtus:

192 1115 268 1182 Jam
284 1113 419 1183 crebros
436 1115 525 1184 ictus
544 1137 604 1183 ora
622 1128 656 1183 et
674 1133 755 1183 cern
773 1128 927 1207 tempora
944 1115 1071 1182 circum

193 1235 321 1304 Obnixi
341 1236 568 1331 ingeminant,
587 1232 732 1304 telorum
750 1250 811 1304 eut
831 1234 1004 1331 grandinis
1019 1235 1127 1304 instar

194 1355 384 1451 Rhiphacae,
401 1355 556 1450 flexoque
577 1369 666 1452 genu
681 1363 791 1427 'vacua
809 1355 867 1426 ilia
885 1355 1042 1426 tundunt.

193 1476 274 1547 Non
292 1475 390 1547 aliter
408 1501 510 1572 quam
526 1478 632 1548 Pisaeo
650 1499 710 1547 sue
726 1476 833 1547 lustra
850 1478 996 1547 Tonanti

193 1597 313 1687 Quum
331 1598 492 1687 redeunt,
513 1598 694 1692 crudisque
710 1599 821 1668 virum
836 1598 1015 1669 sudoribus
1029 1596 1125 1666 ardet

193 1717 326 1809 Pulvis,
345 1734 380 1789 at
399 1719 479 1790 hinc
497 1735 754 1790 teneros'caveae
768 1713 938 1800 dissensus
957 1719 1102 1814 ephebos

192 1841 372 1928 Concitet,
392 1837 601 1936 exclusaeque
620 1856 817 1937 exspectant
836 1843 974 1937 praemia
989 1857 1121 1910 matres.

193 1960 250 2031 Sic
267 1959 391 2032 alacres
405 1962 504 2050 odio,
525 1961 686 2057 nullaque
701 1962 860 2057 cupidine
876 1961 983 2032 laudis

192 2083 334 2153 Accensi
350 2083 545 2172 incurrunt,
564 2097 786 2153 scrutaturos
805 2085 923 2152 intima
945 2081 1058 2152 vultus

192 2206 291 2272 Unca
306 2227 445 2292 manus,
461 2206 664 2299 penitusque
680 2203 786 2274 oculis
801 2204 997 2274 cedentibus
1015 2206 1126 2274 instat.

192 2327 319 2394 Forsan
340 2337 375 2394 et
392 2325 558 2394 accinctos
577 2322 691 2411 lateri,
710 2327 757 2395 sic
774 2326 823 2396 ira
841 2323 987 2412 ferebat,
1099 2383 1103 2388 .

191 2444 388 2518 Nudassent
407 2469 524 2534 enses,
542 2442 728 2540 meliusque
745 2445 922 2516 hostilibus
939 2448 1040 2514 armis

190 2565 375 2662 Lugendus
396 2564 506 2656 fratri,
525 2566 658 2660 juvenis
678 2567 852 2657 Thebane,
868 2563 1010 2662 jaceres,

191 2687 237 2758 Ni
255 2711 314 2755 rex
330 2683 501 2757 insolitum
520 2686 716 2775 clamorem,
734 2704 768 2757 et
784 2703 919 2784 pectere
935 2688 978 2757 ab
997 2685 1066 2756 alto

191 2805 375 2876 Stridentes
394 2807 552 2901 gemitus,
572 2809 680 2876 noctis
700 2809 840 2878 miratus
859 2805 1059 2890 inumbris,

190 2926 354 2997 Movisset
371 2952 517 3023 gressus,
537 2930 669 3024 magnis
686 2930 740 2998 cui
761 2930 872 3004 sobria
891 2931 979 2999 curis

191 3046 363 3118 Pendebat
380 3073 500 3118 mnino
514 3050 585 3144 jam
603 3048 768 3120 deteriore
785 3066 945 3120 senectus.

241 3171 342 3262 isque
358 3169 417 3239 ubi
435 3171 654 3265 progrediens
670 3191 850 3240 numerosa
866 3171 954 3259 luce,
973 3171 1116 3267 peralta
1216 3201 1217 3204 ¹

192 3289 303 3377 Atria,
322 3288 458 3360 dimotis
475 3289 616 3360 adverso
634 3290 748 3360 limine
767 3289 921 3360 claustris

192 3407 389 3478 Terribilem
409 3407 652 3498 dictufaciem,
671 3407 778 3481 lacera
795 3433 873 3500 ore,
891 3427 1072 3507 putresque

192 3529 384 3625 sanguineo
401 3527 492 3598 videt
511 3531 618 3600 imbre
635 3552 736 3626 genas
751 3557 763 3606 a
779 3531 892 3620 «Ques
910 3553 1009 3602 causa
1027 3532 1150 3602 luroris

192 3650 329 3720 Externi
343 3649 485 3742 juvenes
504 3650 735 3746 (nequeenim
753 3649 987 3722 meus'audeet
1003 3655 1082 3722 istas

191 3771 284 3840 Civis
301 3772 336 3839 in
355 3795 460 3863 usque
476 3771 625 3867 manus),
643 3773 797 3866 quisnam
816 3771 1035 3867 implacabilis
1051 3773 1151 3842 ardor

149 3947 155 3961 .
191 3892 379 3962 Exturbare
397 3890 483 3961 odiis
498 3889 680 3986 tranquilla
697 3890 830 3962 silentia
850 3892 979 3962 noctis?

191 4015 307 4104 Usque
324 4010 450 4082 adeone
466 4025 606 4107 angusta
624 4011 721 4080 diesi·
736 4027 769 4081 et
785 4015 896 4100 triste,
915 4038 1096 4107 parumper
