3200 5142
417 489 472 528 aon
729 467 943 526 nauaturos
964 463 1075 530 LIBER
1094 465 1133 520 11.
1349 467 1382 524 (v.
1395 463 1472 522 23³.)

416 595 626 691 virginitatis
641 617 747 678 arnon
763 593 946 686 primaque
965 589 1129 662 modestia
1147 587 1255 684 culpas

413 715 598 788 Confundit
616 711 728 785 vultus
745 739 753 782 ε
773 728 852 784 tunc
869 736 929 782 ora
949 713 1102 804 rigantur
1119 711 1266 781 honestis

412 837 600 924 Imbribus,
616 849 651 904 ot
668 849 802 904 teneros
818 831 971 926 lacrymae
987 831 1105 924 juvere
1121 845 1288 925 parentes.

464 957 542 1027 Non
559 979 657 1028 secus
671 978 711 1024 ao
725 971 847 1048 supero
866 953 993 1046 pariter
1007 952 1035 1022 si
1056 949 1192 1024 cardine
1206 948 1308 1045 lapsae

412 1075 522 1148 Pallas
539 1062 738 1172 et'asperior
752 1073 870 1144 Phoebi
888 1098 994 1159 soror,
1014 1089 1157 1168 utraque
1174 1070 1266 1160 telis,

413 1201 564 1294 Utraque
580 1211 675 1266 torva
693 1196 803 1292 genia
822 1193 977 1288 flavoque
994 1195 1029 1264 in
1048 1194 1172 1265 vertice
1189 1191 1295 1280 nodo,

409 1316 474 1388 Illa
492 1343 568 1388 suas
588 1317 724 1412 Cyntho
742 1317 881 1394 comites
899 1328 994 1410 agat,
1011 1314 1081 1388 hec
1097 1313 1312 1408 Aracyntho:

409 1441 521 1526 Tunc,
538 1437 629 1506 silas
646 1434 768 1525 oculis,
786 1459 1019 1530 nonunquam
1038 1433 1139 1529 longa
1152 1435 1280 1508 tuendo

409 1557 592 1653 Expedias,
615 1558 671 1627 oui
686 1558 794 1651 major
810 1557 933 1646 honos,
952 1557 1007 1630 cui
1025 1556 1164 1650 gratior,
1182 1571 1241 1630 aut
1259 1553 1337 1650 plus

409 1683 462 1751 De
481 1681 579 1765 lose,
599 1692 813 1772 mutatosque
829 1675 932 1750 velint
950 1693 1161 1750 transumere
1178 1674 1309 1764 cultus,

408 1804 453 1872 Et
471 1797 577 1870 Pallas
595 1797 711 1868 deceat
727 1799 919 1893 pharetras,
941 1811 975 1868 et
992 1797 1090 1870 Delia
1107 1798 1234 1868 cristas.

461 1924 601 1992 Certant
619 1918 746 2008 laetitia,
762 1943 969 2014 superosque
985 1921 1020 1990 iu
1037 1934 1116 1992 vota
1131 1919 1275 2016 fatigant

407 2041 593 2130 lnachidae,
609 2063 686 2139 quat
698 2041 821 2134 cuique
837 2038 974 2128 domus,
991 2043 1145 2134 sacrique
1162 2037 1314 2112 facultas.

410 2164 454 2233 Hi
473 2162 588 2254 fibris,
604 2165 781 2259 animaque
798 2158 915 2248 litant,
935 2161 970 2234 hi
987 2163 1111 2256 cespite
1131 2160 1239 2248 nudo,

409 2285 481 2356 Nec
496 2285 610 2356 minus
625 2285 731 2354 auditi
747 2283 818 2380 (sic
831 2307 924 2354 mens
942 2296 1079 2379 accepta
1096 2296 1245 2354 rueretur
1319 2321 1324 2330 ·

408 2407 523 2477 Thura
536 2405 658 2498 Deos),
675 2405 856 2498 fractisque
872 2405 1063 2476 obtendunt
1081 2402 1199 2476 limina
1217 2401 1320 2474 silvis.

456 2531 544 2603 Ecca
562 2540 656 2597 metu
677 2525 805 2613 subito,
822 2525 980 2596 lachesis
997 2525 1046 2598 sic
1064 2524 1137 2596 dira
1152 2525 1308 2619 jubebat,

404 2645 562 2744 Impulsae
580 2661 724 2734 mentes;
745 2671 953 2742 excussaque
971 2643 1093 2742 gaudia
1110 2647 1230 2741 patris,

407 2771 454 2841 Et
472 2768 607 2840 turbata
623 2765 694 2838 dias
709 2793 718 2836 ε
734 2767 911 2862 innuptam
929 2764 1057 2838 lumine
1074 2766 1214 2840 adibant

408 2886 565 2976 Pallada;
583 2887 776 2982 Munychiis
793 2888 847 2958 oui
867 2911 935 2958 non
949 2887 1077 2981 Argiva
1094 2911 1156 2982 per
1171 2888 1271 2960 urbes

405 3007 601 3083 Posthabita
619 3022 670 3077 est
689 3008 822 3110 Larissa
835 3008 926 3102 jugis
941 3033 950 3076 ε
968 3007 1024 3078 hic
1041 3031 1135 3076 more
1153 3019 1333 3103 parentum

406 3132 547 3220 Iasides,
566 3126 720 3201 thalamis
740 3127 799 3200 ubi
816 3142 907 3202 casta
926 3126 1131 3202 adolesceret
1145 3146 1242 3220 antas,

404 3254 583 3348 Virgineus
600 3251 706 3322 libare
723 3273 856 3339 comas,
876 3253 1070 3347 primosque
1088 3251 1240 3324 solebant

405 3377 574 3444 Excusare
593 3388 707 3444 toros:
724 3373 846 3444 celsam
863 3373 1084 3442 subeuntibus
1101 3399 1214 3444 arcem

403 3495 443 3561 ln
467 3491 625 3588 gradibus
645 3494 769 3563 summi
785 3491 959 3588 delapsum
975 3490 1121 3563 culmine
1142 3494 1258 3590 templi

404 3612 554 3684 Arcados
570 3615 694 3709 Euippi
709 3611 854 3714 spolium
872 3613 964 3684 cadit
981 3639 1087 3688 aeram
1104 3615 1211 3704 orbis;

404 3735 660 3826 Praemissasque
677 3734 780 3822 faces,
800 3735 923 3806 lesturn
939 3734 1143 3808 nubentibus
1162 3739 1291 3832 ignem,

404 3854 544 3941 Obruit,
562 3877 648 3947 eque
662 3854 768 3947 adytis
785 3853 885 3926 simul
905 3855 1062 3926 exaudita
1078 3859 1217 3928 remotis

403 3974 565 4049 Nondum
583 3997 680 4044 ausos
698 3973 831 4044 firmare
849 3975 990 4070 gradum
1010 3977 1092 4046 tuba
1109 3981 1229 4048 terruit
1252 3980 1383 4074 ingens.

452 4096 493 4162 In
510 4117 622 4186 regern
642 4096 792 4164 conversi
812 4121 927 4166 omnes
945 4096 1122 4168 formidine
1142 4100 1268 4193 prima,
