3206 5136
158 449 276 514 (tt-tto)
474 447 690 507 mutuos
710 447 821 507 LIBER
841 451 891 507 tv.
1178 447 1217 508 2⁵

157 573 333 647 Fluctibus
354 574 510 644 Asterion
530 599 538 642 ε
559 572 615 644 ille
632 573 699 644 alta
716 600 775 670 per
789 576 864 644 avia
883 589 983 644 notus

157 693 296 782 Audiri,
316 709 350 764 et
370 692 470 790 louge
489 709 664 789 pastorum
682 719 841 790 rumpere
861 719 1006 766 somnos.

212 817 292 885 Uua'
306 815 419 885 tamen
436 815 576 905 tacitas,
594 815 654 884 sed
671 816 768 910 jussu
788 816 956 905 numinis,
975 815 1097 902 undas,

158 938 240 1003 Haec
256 959 393 1028 quoque
407 949 556 1024 secreta,
576 935 685 1006 nutrit
699 938 843 1032 Langia,
863 936 926 1006 sub
944 937 1075 1006 umbra.

158 1054 322 1126 Nondum
341 1052 391 1124 illi
407 1068 525 1150 raptus
542 1053 682 1124 dederat
697 1053 911 1151 lacrymabile
928 1081 1052 1126 nomen

160 1175 408 1264 Archemorus,
428 1198 490 1244 nec
508 1173 597 1245 sama
614 1178 715 1261 Deam
733 1189 846 1246 tamen
865 1177 939 1245 avia
956 1190 1069 1245 servat
1112 1229 1116 1238 .

159 1299 206 1365 Et
224 1318 358 1384 nemus,
378 1308 413 1364 et
431 1293 573 1364 fluvium
591 1320 598 1363 :
620 1308 735 1365 manet
751 1296 870 1390 ingens
886 1293 994 1390 gloria
1014 1296 1213 1390 nympham,

161 1417 279 1504 Quum
295 1415 428 1487 tristem
446 1413 654 1511 Hypsipylen
674 1413 816 1486 ducibus
838 1415 977 1486 sudatus
992 1417 1119 1488 hchaeis

160 1534 298 1624 Ludus,
314 1551 348 1605 et
365 1550 588 1618 atrasacrum
607 1533 727 1607 recolit
746 1537 890 1606 trieteris
911 1534 1091 1632 Ophelten.

211 1661 318 1752 Engo,
335 1683 398 1728 nec
412 1657 568 1728 ardentes
581 1655 722 1752 'clypeos
741 1671 891 1746 vectare,
910 1679 973 1726 nec
990 1671 1099 1727 arctos

160 1779 353 1849 Thoracum
369 1802 475 1848 nexus
492 1777 643 1874 (tanturn
663 1777 735 1846 sitis
753 1776 892 1846 horrida
907 1775 1062 1870 torquet)
1162 1833 1166 1842 ,

162 1897 341 1970 Sufficiunt
360 1923 369 1968 ε
387 1922 457 1968 non
474 1922 535 1968 ora
554 1896 672 1985 modo,
693 1897 911 1992 angustisque
930 1899 1058 1992 perusti

161 2020 344 2110 Faucibus,
365 2019 506 2090 interior
521 2017 580 2089 sed
596 2019 647 2088 vis
666 2018 803 2112 quatit:
822 2043 941 2113 aspera
958 2016 1058 2112 pulsu

162 2139 277 2213 Corda
294 2167 303 2210 ε
323 2138 437 2236 gelant
458 2163 565 2228 vena,
583 2153 617 2209 et
631 2139 726 2209 siccis
743 2161 845 2208 cruor
862 2163 949 2234 aeger
964 2137 1125 2208 adhaeret:

162 2261 355 2333 Visceribus
373 2286 382 2331 :
400 2276 483 2330 tunc
498 2253 568 2330 sole
583 2262 713 2355 putris,
733 2274 816 2332 tunc
831 2257 969 2354 pulvere
986 2257 1086 2329 tellus

161 2382 304 2454 Exhalat
323 2380 464 2453 calidam
485 2381 621 2452 nubem·
639 2382 720 2452 Non
742 2404 901 2474 spumeus
918 2381 1025 2451 imber

161 2506 281 2574 Manat
299 2527 426 2597 equum
442 2527 450 2571 ε
468 2503 563 2572 siccis
579 2498 715 2570 illidunt
728 2525 788 2571 ora
804 2499 943 2596 lupatis,
1052 2561 1054 2566 .

162 2627 233 2694 Ora
250 2637 419 2694 catenatas
437 2620 558 2717 procul
575 2623 757 2692 exertantia
775 2619 928 2718 linguas3
948 2677 950 2684 .

162 2747 196 2818 N
197 2770 236 2814 ec
255 2743 361 2842 legem
378 2741 575 2814 dominosve
589 2743 683 2838 pati,
704 2741 762 2812 sed
782 2742 924 2838 perfurit
937 2745 1026 2814 arvis

163 2865 385 2935 Flammatum
403 2889 517 2959 pecus.
537 2867 613 2933 Huc
633 2861 713 2932 illuc
730 2861 874 2957 impellit
887 2862 1052 2934 Adrastus

162 2983 419 3081 Exploratores,
437 2985 470 3054 ‘si
487 2999 608 3080 stagna
628 2983 802 3079 Lycimnia
818 2996 972 3072 restent,

162 3107 199 3176 Si
219 3106 295 3199 quis
316 3109 521 3198 Amymones
537 3117 671 3198 superet
689 3101 802 3196 liquor
823 3128 832 3170 :
852 3103 967 3173 omnia
985 3103 1079 3172 caecis

163 3225 304 3320 Ignibus
321 3225 442 3294 hausta
460 3223 594 3308 sedent;
613 3247 675 3292 nec
691 3247 767 3319 spes
785 3224 955 3293 humentis
972 3221 1129 3317 Olympi:

163 3350 236 3416 Ceu
254 3345 374 3414 flavam
395 3343 524 3440 Libyen
541 3342 739 3436 desertaque
757 3340 905 3439 pulveris
925 3342 996 3414 Afri

163 3463 391 3552 Collustrent,
414 3463 575 3558 nullaque
591 3463 782 3534 umbratam
802 3465 892 3533 nube
912 3466 1064 3558 Syenen„

213 3584 366 3655 Tandem
386 3585 476 3654 inter
493 3582 608 3668 silvas,
626 3584 674 3653 sic
690 3585 792 3654 Evius
811 3583 1054 3679 ipseper-nbat,
1108 3573 1127 3582 ”

164 3711 323 3776 Errantes
340 3705 485 3775 subitam
507 3703 650 3798 pulchro
670 3705 705 3772 in
721 3728 865 3773 moerore
882 3719 1021 3773 tuentur

165 3823 371 3920 Hypsipylen
388 3850 397 3894 t
416 3822 464 3894 illi
482 3825 635 3918 quamvis
656 3825 749 3893 etab
767 3824 872 3894 ubere
892 3823 1055 3919 Opheltes

164 3946 243 4014 Non
265 3969 362 4031 suus,
382 3943 512 4013 Inachii
531 3943 651 4039 proles
664 3945 809 4014 infausta
826 3945 971 4040 Lycurgi

164 4064 363 4160 Dependet,
382 4062 533 4160 neglecta
551 4089 704 4154 comam,
725 4091 788 4136 nec
807 4063 899 4135 dives
918 4066 1059 4152 amictu;
