3094 5140
71 565 200 630 (coss.)
412 561 631 620 mosomus
654 562 765 620 sirm
786 563 821 619 x.
1088 565 1143 640 ¹95

71 695 133 761 Tu
155 692 275 786 prior:
295 691 467 761 exanimes
484 689 833 760 circumcumuluntur
845 695 967 762 acervi.

72 817 196 882 Omne
209 811 306 882 sedet
320 809 424 882 telum
442 835 450 880 s
470 809 555 881 nulli
572 812 644 882 sine
660 811 807 883 cudibus
825 813 920 882 ictus.

74 932 240 1006 Necdum
257 932 375 1006 adetut
391 935 500 1003 virtus
519 959 528 1002 ε
544 957 614 1003 uon
631 956 743 1023 mens,
762 957 831 1004 uon
847 935 966 1004 dextro
983 937 1142 1030 quiescit,

74 1057 163 1124 Neu
178 1053 277 1124 avida
294 1077 390 1124 armo
406 1067 546 1144 vacant,
562 1050 633 1150 ipso
649 1055 797 1124 insanire
813 1054 946 1125 videtur

75 1175 214 1269 Sphinx
228 1173 330 1270 galee
345 1190 475 1264 custos,
489 1175 628 1270 visoque
643 1177 792 1246 animate
805 1197 926 1246 cruore

74 1296 215 1365 Emicat
231 1295 381 1392 effigies,
398 1310 434 1366 et
451 1317 567 1392 sparse
585 1296 752 1374 orichalca
769 1298 948 1386 renident3

73 1419 199 1508 Quum
218 1422 294 1489 Des
311 1421 494 1514 pugnantis
514 1418 689 1515 capulum,
709 1419 930 1516 dextramque
949 1425 1110 1518 repressit
1131 1450 1140 1492 ε

133 1567 151 1602 α
168 1540 386 1634 Magnanimo
402 1564 424 1608 o
438 1540 592 1634 juvenis,
610 1561 679 1634 quo
698 1563 766 1612 non
783 1545 958 1638 agnoverit
978 1541 1084 1613 olbam
1234 1557 1239 1572 ‘

77 1659 216 1730 Cestius
233 1658 392 1728 armifero
409 1659 529 1730 Cadmi
545 1659 728 1730 desemine
744 1665 904 1750 Mavors,

75 1782 216 1874 Linque
233 1778 377 1850 humiles
397 1805 546 1876 pugnas,
563 1805 633 1852 uon
651 1783 721 1852 lraec
740 1780 800 1852 tibi
820 1783 934 1854 debite
954 1787 1060 1856 virtus
1079 1813 1086 1855 :

78 1905 183 1974 Astra
199 1915 340 1988 vocant,
359 1901 512 1996 coeloque
532 1904 697 1991 animem,
717 1904 793 2000 plus
811 1907 969 2003 concipe,
984 1909 1107 1978 mittes.

77 2027 99 2093 J
101 2021 288 2093 amdudum
303 2023 370 2094 boc
382 2022 508 2094 hilares
528 2026 661 2121 genitor
676 2025 862 2098 baechatur
875 2025 918 2096 sd
933 2051 1023 2115 aras,

80 2149 158 2214 Hoc
170 2146 286 2239 ignes,
305 2143 465 2242 libraeque
483 2144 621 2233 volunt,
641 2146 707 2217 hoc
728 2162 827 2242 urget
839 2145 971 2242 Apollo.

77 2266 298 2362 Terrigenem
319 2267 443 2336 cuncto
463 2266 579 2361 patrie
597 2291 661 2360 pro
681 2268 846 2363 sunguine
863 2284 1016 2362 poscunt.

79 2393 186 2458 Fama
201 2389 295 2460 cauit
311 2387 481 2458 monitus:
503 2385 627 2484 gautlet
643 2387 802 2459 Cadmeia
825 2383 939 2483 plebes

78 2511 182 2580 Certa
198 2510 247 2580 tui
266 2536 276 2579 t
295 2534 377 2607 rupe
394 2523 508 2580 mente
524 2511 631 2595 Deos,
651 2533 734 2605 rape
753 2508 865 2578 nobile
886 2509 1020 2579 fatum,

78 2635 116 2720 l,
134 2656 272 2726 precor,
290 2629 457 2721 accelera,
476 2655 520 2701 ne
539 2633 713 2727 proximus
736 2647 880 2727 occupet
898 2635 1049 2702 Haemon.
1070 2663 1084 2696 a

131 2753 186 2822 Sic
203 2753 268 2840 ait,
286 2767 321 2822 et
340 2777 464 2848 magna
480 2753 670 2822 cunctantis
688 2767 826 2848 pectora
847 2751 966 2822 dextra

80 2873 262 2944 Permulsit
281 2875 396 2960 tacite,
415 2891 554 2967 seseque
573 2875 609 2942 in
627 2872 730 2942 corde
749 2870 896 2968 reliquit.

80 2993 245 3068 Fulminis
261 2994 354 3065 baud
372 2995 471 3064 citius
490 2993 593 3064 radiis
612 2991 726 3063 afflata
744 3017 923 3089 cupressus

79 3117 256 3186 Combibit
271 3115 408 3186 infestas
428 3131 464 3188 et
477 3117 585 3212 stirpe
600 3130 635 3184 et
653 3109 780 3185 vertice
798 3115 968 3199 flammas,

37 3273 43 3282 ·
81 3240 194 3328 Quam
208 3238 341 3333 juvenis
359 3233 468 3306 multo
490 3259 660 3331 possessus
679 3237 822 3306 numine
837 3248 955 3329 pectus

81 3361 198 3430 Erexit
218 3383 353 3449 sensus,
374 3355 499 3452 letique
518 3357 642 3428 invasit
659 3381 819 3428 amorem.

82 3485 132 3551 Ut
146 3505 225 3551 vero
240 3503 364 3550 averse
380 3483 605 3574 gressumque
615 3477 838 3571 habitumque
855 3479 1003 3564 notuit,

83 3605 126 3672 Et
142 3601 286 3673 subitam
309 3626 328 3670 a
348 3600 449 3670 terris
465 3600 500 3668 in
519 3595 639 3668 nubila
654 3619 805 3668 mmm
821 3597 959 3686 Mento,

84 3723 277 3816 Obstupuit.
297 3751 314 3786 o
332 3723 531 3816 Sapoimm,
547 3721 675 3790 Dirum
694 3741 903 3813 quecunque
922 3721 1066 3808 vocasti,

85 3847 157 3916 Nec
172 3839 271 3914 turdo
285 3863 462 3939 pumen,
483 3871 500 3910 s
520 3842 568 3912 ait
586 3867 595 3910 :
610 3841 818 3935 jamjamque
834 3839 1007 3929 recedens,

85 3955 269 4036 instantem
289 3961 378 4038 mlle
396 3962 531 4058 Pylium
548 3969 661 4032 umen
681 3960 894 4056 Agreafixit.

89 4088 253 4184 Armigeri
269 4085 394 4160 fessum
413 4085 607 4180 excipiunt3
620 4098 699 4153 tum
714 4081 836 4178 vtslgns
856 4097 993 4152 euntem

86 4213 268 4280 Auctorem
284 4211 392 4304 pscis,
415 4215 687 4300 servatoremque
704 4208 882 4298 Deumque

916 4325 965 4395 13.
