3200 5142
425 831 629 938 LIBER
665 826 979 934 TERTIUS.

620 1243 781 1268 ..a-*ua

180 1518 257 1648 Ατ
276 1597 346 1643 non
363 1575 477 1644 Aoniae
495 1573 688 1644 moderator
707 1572 853 1668 perfidus
872 1569 975 1660 aulae,

179 1695 287 1763 Nocte
307 1695 369 1763 sub
387 1697 541 1789 ancipiti,
564 1695 715 1788 quamvis
730 1692 946 1763 humentibus
961 1689 1059 1760 astris

179 1816 318 1908 Longus
338 1813 381 1883 ad
400 1817 566 1884 Auroram
583 1826 716 1909 superet
733 1812 844 1901 labor,
865 1813 934 1880 otia
951 1809 1060 1880 somni

183 1933 343 2027 Accipit:
363 1933 540 2029 invigilant
555 1935 667 2003 animo
697 1931 896 2026 scelerisque
917 1931 1024 2024 parati

178 2051 389 2146 Supplicium
406 2069 560 2124 exercent
580 2079 667 2124 curae
684 2078 692 2123 ε
710 2069 792 2123 tunc
809 2049 955 2147 plurima
975 2062 1084 2120 versat

178 2172 347 2241 Pessimus
366 2172 401 2240 in
422 2172 534 2243 dubiis
553 2198 663 2269 augur
681 2173 807 2241 timor:
829 2171 914 2240 «Hei
935 2164 1032 2237 mihil
1051 2164 1190 2252 clamat,

177 2291 280 2362 Unde
295 2291 418 2362 morae?
437 2293 530 2389 (nam
549 2320 656 2390 prona
673 2307 783 2383 ratus,
803 2290 1001 2384 facilemque
1019 2303 1070 2357 tot
1087 2289 1189 2356 armis

178 2411 308 2507 Tydea,
328 2437 390 2484 nec
407 2439 548 2484 numero
564 2415 722 2484 virtutem
741 2414 957 2506 animumque
977 2407 1148 2504 rependit)

182 2535 275 2604 Num
293 2537 386 2631 regio
406 2535 537 2605 diversa
555 2535 636 2606 viae?
656 2560 738 2603 num
758 2536 878 2604 missus
897 2532 939 2603 ab
959 2533 1057 2628 Argis

181 2654 340 2724 Subsidio
360 2653 496 2752 globus?
516 2680 560 2726 an
578 2654 710 2726 sceleris
727 2653 805 2726 data
824 2654 913 2725 fama
933 2678 994 2748 per
1010 2652 1110 2722 nrbes

179 2775 380 2845 Finitimas?
395 2801 577 2871 paucosne,
594 2792 691 2872 pater
709 2775 878 2862 Gradive,
896 2798 1042 2844 manuve

179 2897 339 2991 Legimus
358 2895 555 2966 indecores?
573 2911 608 2966 at
627 2899 718 2967 enim
735 2897 933 2965 fortissimus
954 2892 1022 2964 illic

179 3019 224 3086 Et
244 3016 419 3104 Chromis,
438 3031 471 3086 et
490 3015 649 3114 Dorylas,
666 3030 700 3087 et
718 3018 843 3087 nostris
862 3015 1011 3086 turribus
1030 3015 1116 3110 aequi

179 3135 376 3232 Thespiadae
391 3153 480 3208 totos
500 3137 657 3233 raperent
672 3139 755 3209 mihi
775 3137 927 3208 funditus
947 3140 1066 3231 Argos.

179 3258 253 3326 Nec
272 3273 383 3327 tamen
404 3257 460 3329 ille
479 3261 582 3348 meis,
600 3285 688 3343 reor,
704 3256 967 3355 impenetrabilis
988 3257 1106 3343 armis,

181 3381 259 3448 AEre
276 3404 394 3474 gerens
411 3378 584 3475 solidoque
600 3381 696 3450 datos
715 3381 890 3451 adamante
905 3377 1065 3465 lacertos,

180 3501 329 3569 Venerat
349 3501 442 3572 :heu
463 3499 594 3598 segnes!
614 3527 759 3596 quorum
775 3499 872 3570 labor
890 3501 993 3570 haeret
1010 3499 1046 3567 in
1067 3523 1153 3583 uno,

182 3620 218 3688 Si
238 3635 391 3692 conserta
410 3647 538 3692 manus.
550 3652 567 3688 s
581 3624 686 3694 Vario
705 3623 752 3694 sic
769 3621 921 3692 turbidus
937 3636 1020 3690 aestu

181 3741 339 3834 Angitur,
354 3765 393 3811 ac
413 3767 483 3812 sese
502 3742 617 3838 culpat
635 3768 735 3839 super
755 3745 891 3830 omnia,
909 3743 1050 3837 quinon

183 3861 348 3929 Orantem
364 3862 399 3930 in
419 3860 536 3934 mediis
554 3860 703 3958 legatum
720 3863 860 3932 coetibus
875 3888 954 3933 ense

183 3978 385 4071 Porculerit,
404 3981 575 4079 foedasque
593 3982 703 4079 palam
723 3985 893 4054 satiaverit
911 3985 988 4054 iras.

183 4101 257 4168 lam
280 4101 382 4195 pudet
404 4103 542 4197 incepti,
560 4104 628 4196 jam
648 4105 786 4198 poenilet
801 4130 812 4172 τ
828 4129 866 4173 ac
888 4102 978 4172 velut
995 4101 1051 4172 ille
