3172 5142
375 455 430 515 rod
675 455 889 514 nemancos
908 455 1019 514 LIBER
1040 455 1105 510 vu.
1308 452 1427 515 l'·59⁵·l

370 583 566 678 Transigit:
586 580 651 651 illae
669 597 781 652 autem
799 581 901 677 longo
919 607 997 650 cum
1014 581 1120 651 limite
1138 580 1203 649 susi

370 705 568 799 Sanguinis,
585 701 627 771 ad
641 717 758 798 portas
776 703 944 795 utrimque
964 681 1130 770 exstantia
1146 699 1275 768 ducunt

369 823 505 918 Spicula
523 824 753 910 semianimes,
774 823 967 917 gemituque
984 822 1137 919 imitante
1154 820 1326 915 querelas,

369 946 488 1015 Saucia
506 943 638 1013 dilectis
655 941 822 1013 aeclinant
842 957 981 1038 pectora
997 944 1113 1012 muris.

417 1063 557 1160 Templa
573 1077 687 1160 putes,
706 1063 891 1157 urbemque
911 1065 1004 1158 rapi,
1020 1063 1216 1157 facibusque
1234 1060 1388 1131 nefandis

357 1185 524 1255 Sidonios
541 1183 660 1254 ardere
675 1181 761 1253 lares
778 1210 788 1252 ε
807 1185 855 1252 sic
874 1181 1003 1252 clamor
1022 1185 1145 1278 apertis

367 1307 526 1376 Exoritur
545 1305 676 1374 muris:
696 1303 833 1373 mallent
853 1302 1020 1373 cunabula
1038 1305 1152 1398 magni

366 1423 539 1512 Herculis,
560 1439 619 1494 aut
638 1422 783 1493 Semeles
801 1423 1007 1511 thalamum,
1026 1439 1085 1492 aut
1101 1421 1272 1518 penetrale
1292 1424 1399 1494 ruisse

367 1547 590 1615 Harmonies:
610 1543 721 1614 cultor
740 1545 921 1614 Racchaeus
938 1548 1089 1615 Acontea
1108 1546 1262 1639 Phegeus

366 1665 441 1733 Jam
456 1689 602 1734 vacuum
621 1663 714 1752 telis,
733 1665 935 1758 geminoque
956 1666 991 1733 in
1010 1667 1172 1759 sanguine
1189 1681 1348 1735 ovantem

366 1787 529 1855 Cominus
546 1809 625 1854 ense
639 1785 726 1881 petit
744 1811 751 1852 :
770 1786 914 1854 subeunt
933 1787 1071 1880 Tegeaea
1085 1773 1245 1878 juventus

364 1904 499 1974 Auxilio
516 1903 604 1974 tardi
623 1931 630 1974 :
648 1906 717 2000 jam
734 1929 835 2000 supra
852 1929 945 1974 sacra
965 1905 1111 1975 ferarum

365 2029 518 2118 Corpora
535 2027 693 2098 momenti
705 2025 838 2120 juvenis
852 2026 942 2119 jacet
957 2024 1041 2096 ultio
1056 2028 1201 2098 Baccho.

413 2147 596 2240 Rumpitur
614 2160 647 2214 et
665 2148 809 2216 Graium
826 2147 939 2215 subito
958 2173 1018 2242 per
1034 2164 1141 2218 castra
1165 2150 1311 2221 tumultu

365 2263 554 2338 Concilium
572 2293 580 2332 ε
600 2265 688 2361 fugit
703 2280 857 2336 externos
873 2269 1003 2337 Iocasta
1022 2295 1082 2363 per
1099 2270 1227 2360 hostes,

363 2389 438 2456 lam
459 2409 529 2456 non
547 2409 628 2455 ausa
647 2411 763 2480 preces
780 2413 787 2453 :
804 2401 916 2473 natas,
934 2390 1107 2484 ipsamque
1126 2391 1296 2487 repellunt

365 2507 434 2596 Qui
452 2505 554 2576 modo
576 2521 644 2576 nam
664 2509 779 2593 mites;
795 2523 829 2577 et
848 2533 993 2604 praeceps
1015 2525 1164 2606 tempore
1181 2515 1319 2610 Tydeus

365 2630 482 2699 Utitur
500 2652 508 2696 :
529 2630 608 2696 «lte
626 2651 705 2723 age,
723 2653 814 2697 nunc
832 2653 947 2724 pacem
965 2647 1115 2726 sperate,
1136 2633 1321 2728 fidemque!

362 2752 464 2819 Nunc
478 2749 595 2818 saltem
614 2748 751 2818 differre
766 2749 884 2819 nefas?
901 2753 1056 2845 potuitne
1072 2757 1197 2824 morari

364 2875 455 2940 Dum
472 2871 616 2965 genitrix
636 2869 773 2940 dimissa
791 2869 926 2940 rediit»
944 2873 1000 2942 Sic
1018 2873 1106 2944 fatus
1123 2892 1241 2971 aperto

362 2993 451 3061 Ense
469 3004 568 3060 vocat
587 2991 719 3060 socios:
738 3015 843 3060 saevus
860 2991 931 3085 jam
950 2991 1089 3084 clamor,
1110 3011 1144 3065 et
1162 2999 1219 3068 ira

362 3111 450 3181 Hinc
468 3126 568 3206 atque
586 3111 665 3180 inde
683 3111 816 3182 calent:
837 3112 930 3183 nullo
951 3117 1043 3185 venit
1059 3117 1178 3189 ordine
1196 3121 1346 3214 bellum;

360 3231 568 3326 Confusique
584 3228 684 3301 duces
706 3230 826 3329 vulgo,
843 3250 878 3303 et
898 3231 1245 3335 neglectarcgentum

362 3353 617 3446 lmpe1·ia:una
637 3353 765 3446 equites
786 3354 900 3440 mixti,
918 3355 1138 3452 peditumque
1156 3377 1317 3452 catervae,

340 3517 343 3522 -
359 3475 404 3540 Et
421 3471 531 3567 rapidi
547 3495 666 3542 currus
681 3498 689 3541 :
704 3475 828 3568 premit
848 3473 1013 3571 indigesta
1031 3496 1166 3550 ruentes

360 3593 484 3688 Copia,
504 3617 566 3662 nec
581 3617 652 3662 sese
670 3608 766 3663 vacat
783 3609 971 3684 ostentare,
992 3623 1052 3669 nec
1070 3600 1202 3672 bostem

360 3715 509 3784 Noscere
528 3739 537 3782 z
555 3715 603 3784 sic
620 3713 740 3784 subitis
757 3715 917 3788 Thebana
938 3721 1129 3815 Argivaque
1148 3725 1254 3819 pubes

359 3834 548 3904 Conflixere
567 3833 698 3931 globis:
714 3850 805 3905 retro
821 3836 957 3927 vexilla,
977 3841 1131 3937 tubeque

358 3960 438 4026 Post
459 3971 607 4051 tergum,
630 3987 645 4028 s
681 3958 757 4027 litui
776 3957 902 4028 bellum
921 3962 1079 4032 invenere
1096 3969 1213 4037 secuti.

357 4079 485 4148 Tantus
502 4078 544 4147 ab
562 4079 684 4174 exiguo
702 4079 869 4151 crudescit
886 4086 1049 4179 sanguine
1067 4085 1221 4160 Mavors!
