3172 5142
120 490 163 551 (h
176 492 247 556 Μ)
449 483 674 552 'ammos
694 494 807 552 usta
830 493 896 549 vlt.
1156 510 1196 566 99

125 620 268 688 Cessit:
287 618 398 690 adhuc
417 621 500 715 ripis
517 622 689 690 animosus
708 645 831 716 gurges
847 617 996 706 anhelis,

126 735 344 810 Fulmineum
361 741 528 829 cinerem,
546 766 744 836 magnaeque
760 715 905 837 insignia
927 763 1033 835 poeuae
1088 717 1092 726 Ι

127 859 287 949 Gaudet,
305 877 339 932 et
359 864 506 932 AEtnaeos
525 864 561 932 in
579 862 701 933 coelum
719 861 836 934 efflare
850 885 1005 956 vapores.

182 981 328 1054 «Talem
345 984 495 1056 Cadmeo
508 985 708 1056 mirabimur
724 990 858 1082 Hypsea
877 1009 1018 1080 campo,

126 1103 165 1170 Si
185 1105 286 1176 modo
299 1104 545 1201 placavit.felix
565 1108 686 1203 AEgina
702 1109 904 1178 Tonantem.

181 1255 199 1290 a
212 1230 319 1298 Ducit
334 1229 506 1300 Ithonoeos
517 1245 551 1299 et
565 1227 813 1300 Alalcomenaea
826 1228 989 1298 Minerva

128 1349 293 1442 Agmina,
308 1375 394 1444 quos
411 1350 524 1440 Mida,
540 1375 624 1446 quos
639 1349 781 1421 humida
798 1349 950 1446 suggerit
963 1351 1072 1435 Arne,

127 1469 254 1540 Aulida
271 1473 330 1565 qui
345 1474 548 1568 Gratamque
564 1487 696 1560 serunt,
710 1471 903 1567 viridesque
918 1467 1079 1556 Plataeas,

129 1598 176 1663 Et
194 1591 287 1692 sulco
303 1597 451 1664 Peteona
466 1593 622 1682 domant,
637 1593 846 1688 refluumque
866 1605 979 1663 meatu

127 1716 318 1809 Euripum,
341 1699 407 1808 qua
429 1731 544 1785 noster
565 1715 652 1804 abit,
673 1730 774 1810 teque
795 1713 916 1784 ultima
935 1725 1048 1783 tractu

127 1837 332 1927 Anthedon,
354 1836 412 1906 ubi
431 1837 606 1932 gramineo
626 1837 668 1907 de
689 1836 788 1906 litore
802 1835 952 1907 Glaucus

128 1964 311 2030 Pascentes
331 1960 455 2057 irrupit
474 1983 597 2055 aquas,
613 1959 685 2054 jam
701 1959 796 2028 omne
816 1959 977 2053 genisque

126 2059 303 2171 Caerulus,
326 2097 360 2151 et
379 2083 500 2151 mixtos
521 2080 659 2176 expavit
678 2079 721 2148 ab
737 2079 877 2174 inguine
897 2079 1014 2172 pisces.

128 2199 322 2272 Glandibus
341 2217 376 2271 et
391 2217 481 2298 torta
501 2201 674 2298 Zephyros
692 2199 840 2269 incidam
856 2197 961 2269 funda

128 2327 243 2395 Cura:
261 2322 438 2419 Cydoneas
456 2323 634 2418 anteibunt
656 2345 736 2418 gesa
756 2319 905 2417 sagittas.

127 2448 183 2514 Tu
203 2469 340 2540 quoque
359 2443 559 2540 praclarum
579 2433 707 2532 forma,
726 2442 904 2538 Cephissc,
921 2439 1067 2513 dedisses

131 2567 347 2656 Narcissum,
362 2565 421 2636 sed
440 2565 635 2660 Thespiacis
652 2565 724 2658 jem
742 2561 845 2658 pallet
862 2563 898 2632 in
918 2562 1009 2658 agris

126 2688 224 2757 Trux
243 2712 326 2783 puer
345 2713 354 2756 ε
373 2687 492 2756 orbata
509 2685 626 2756 florem
644 2701 742 2781 pater
757 2683 855 2754 alluit
871 2683 973 2753 unda.

103 2797 118 2826 ⁸
182 2809 297 2897 «Quis
318 2809 379 2878 tibi
398 2783 571 2877 Phoebaeas
591 2808 699 2892 acies,
718 2820 933 2900 veteremque
949 2802 1102 2874 revolvat

127 2927 302 3000 Phocida?
322 2930 381 3024 qui
401 2933 580 3022 Panopen,
600 2929 658 3022 qui
676 2925 842 3015 Daulida,
860 2927 919 3021 qui
936 2925 1161 3020 Cyparisson,

130 3056 176 3121 Et
197 3048 317 3138 valles,
339 3049 515 3136 lebadea,
537 3064 630 3136 tuas,
650 3063 685 3118 et
701 3045 907 3143 Hyampolin
927 3048 998 3116 acri

131 3171 319 3242 Subnixam
337 3169 494 3265 scopulo,
514 3169 567 3240 vel
586 3171 644 3265 qui
665 3172 855 3240 Parnasson
876 3182 1060 3260 utrumque

130 3299 202 3364 Aut
219 3293 386 3388 Cyrrham
406 3295 531 3380 tauris,
550 3293 835 3386 Anemoriamqus
854 3290 1035 3386 supinant,
1084 3325 1088 3338 ·

129 3415 379 3509 Coryciumque
398 3414 538 3484 namus?
557 3413 871 3509 propellentemque
889 3409 1027 3482 Liltsam

131 3535 287 3631 Cephissi
308 3534 449 3630 glaciale
466 3551 587 3632 caput,
608 3561 678 3632 quo
698 3550 814 3606 suetus
834 3533 990 3604 anhelam

130 3661 235 3726 Ferre
252 3657 343 3726 sitim
359 3657 511 3753 Python,
529 3681 731 3751 amnemque
749 3671 901 3727 avertere
918 3669 1036 3752 ponto.

44 3845 52 3854 .
136 3778 307 3850 Omnibus
327 3779 496 3849 immixtas
517 3803 604 3850 cono
623 3803 725 3874 super
746 3777 882 3874 adspice
900 3776 1032 3865 lauros,

136 3905 306 3994 Armaque
323 3897 375 3969 vel
391 3901 535 3995 Tityon,
555 3899 607 3971 vel
623 3899 733 3972 Delon
750 3899 924 3989 habentia,
944 3896 997 3968 rel
1018 3923 1100 3996 quas

137 4023 204 4090 Hic
221 4025 317 4093 Deus
335 4023 512 4093 innumera
532 4021 657 4093 laxavit
675 4022 764 4093 caede
783 4023 968 4118 pharetras.

180 4143 344 4238 «Iphitus
362 4169 440 4214 acer
459 4145 545 4240 agit,
567 4146 700 4240 genitor
718 4145 772 4214 cui
794 4169 903 4240 nuper
924 4141 1082 4212 ademtus

1011 4259 1043 4330 7.
