3172 5142
157 509 195 571 l'·
209 511 278 573 315-)
487 507 705 563 mansuros
728 507 839 564 LIBER
860 507 909 562 Vl.
1173 506 1209 576 67

158 634 230 703 Sed
245 637 401 728 juvenem
421 631 513 701 durae
530 632 754 726 prohibebant
773 632 899 702 discere
916 593 1039 702 Parcae.

212 752 372 822 OEbalios
393 751 544 821 sublimis
563 754 633 848 agit
653 778 726 847 spes
746 753 900 847 proxima
919 751 1036 846 palmae

158 874 387 967 Amphiaraus
405 895 508 966 equos
530 897 537 941 :
559 887 618 942 tua
637 873 726 942 furto
747 872 839 967 lapsa
860 897 1030 968 propago,

159 991 311 1087 Cyllare,
332 994 414 1063 dum
433 993 578 1087 Scythici
600 993 750 1062 diversus
770 993 813 1062 ad
831 993 917 1063 ostia
938 994 1033 1088 ponti

160 1117 283 1184 Castor
300 1093 481 1208 Amyclaeas
499 1137 592 1182 remo
612 1128 780 1208 permutat
797 1113 954 1204 habenas.

161 1238 239 1328 Ipse
256 1235 372 1304 habitu
390 1237 506 1304 niveus
525 1259 532 1302 ε
552 1235 641 1302 nivei
659 1233 741 1303 dant
758 1233 845 1304 colla
858 1232 988 1329 jugales
1007 1260 1014 1301 :

162 1353 331 1424 Concolor
346 1369 396 1423 est
412 1352 496 1422 albis
512 1367 545 1422 et
561 1355 661 1423 cassis
677 1369 709 1422 et
727 1353 832 1424 infula
847 1356 966 1424 cristis.

212 1476 305 1565 Quin
323 1488 357 1544 et
372 1472 570 1544 Thessalicis
589 1472 665 1542 selix
686 1475 847 1544 Admetus
864 1475 906 1543 ab
923 1476 989 1544 cris

162 1598 229 1666 Vix
248 1595 377 1664 steriles
394 1596 574 1690 compescit
592 1617 713 1688 equas;
730 1596 931 1666 Centaurica
949 1595 1065 1664 dicunt

163 1717 320 1786 Semina:
339 1715 456 1802 credo,
474 1715 557 1784 adeo
575 1739 690 1784 sexum
708 1713 941 1810 indignantur,
958 1730 992 1784 et
1007 1716 1114 1785 omnis

162 1840 201 1904 ln
220 1836 307 1904 vires
323 1834 467 1904 adducta
484 1838 600 1904 Venus
617 1861 624 1901 :
644 1848 859 1928 noctemque,
877 1835 1032 1928 diemque

163 1954 382 2042 Assimulant,
401 1954 539 2024 maculis
560 1955 858 2050 internigrantibus
878 1955 960 2025 albae
981 1983 988 2024 :

162 2081 288 2146 Tantus
307 2090 447 2170 uterque
468 2073 576 2162 color,
596 2074 687 2144 credi
708 2096 769 2144 nee
786 2076 929 2170 degener
948 2075 1005 2146 illo

163 2201 214 2276 De
233 2221 334 2294 grege
350 2194 521 2282 Castaliae,
542 2198 670 2290 stupuit
688 2199 747 2289 qui
765 2195 862 2265 sibila
878 2222 993 2266 cannae

162 2323 290 2406 Laetus,
312 2331 346 2386 et
367 2317 482 2385 audito
499 2301 677 2386 contemsit
695 2315 850 2410 Apolline
867 2320 967 2413 pasci.

209 2443 296 2509 Ecce
313 2453 346 2508 et
364 2436 529 2507 Iasonidae
543 2439 703 2532 juvenes,
723 2459 812 2505 nova
829 2433 936 2533 gloria
954 2440 1069 2507 matris

162 2557 376 2655 Hypsipyles,
396 2559 526 2629 subiere
542 2559 644 2653 jugo,
662 2581 730 2652 quo
747 2573 862 2628 vectus
879 2573 1029 2653 uterque.

162 2683 292 2752 Nomen
313 2703 377 2749 avo
397 2679 520 2776 gentile
537 2680 667 2763 Thoas,
686 2696 787 2775 atque
804 2683 915 2750 omine
932 2680 1040 2750 dictus

162 2805 295 2872 Euneos
312 2806 427 2898 Argoo
445 2827 453 2869 ε
473 2802 613 2896 geminis
629 2800 745 2871 eadem
762 2803 891 2890 omnia,
909 2801 1039 2886 vultus,

161 2926 306 3011 Currus,
327 2923 425 3016 equi,
447 2936 572 3010 vestes,
592 2947 655 3017 par
672 2938 706 2992 et
725 2923 903 2992 concordia
922 2925 1009 3010 voti3

161 3045 323 3131 Vincere,
344 3041 395 3111 vel
415 3040 486 3111 solo
506 3043 648 3137 cupiunt
668 3068 688 3111 a
708 3041 809 3112 frau'e
829 3040 982 3136 relinqui.

161 3166 193 3232 lt
203 3164 375 3251 Chromis,
388 3162 704 3258 Hippodamusque,
717 3162 802 3232 alter
815 3178 905 3232 satus
915 3163 1058 3233 Hercule
1068 3187 1208 3258 magno,

162 3281 253 3353 Alter
270 3283 313 3351 ab
331 3285 511 3352 OEnomao
529 3308 537 3350 τ
559 3283 706 3373 dubites,
723 3297 799 3352 uter
815 3283 915 3353 ellera
932 3299 1059 3378 presset
1172 3285 1178 3291 ’

163 3406 269 3472 Frena
285 3403 401 3497 magis.
421 3404 531 3473 Getici
549 3427 651 3498 pecus
668 3404 723 3472 bic
741 3403 931 3490 Diomedis;
947 3415 981 3471 at
999 3401 1054 3472 ille

161 3525 255 3592 Pisaei
271 3523 354 3618 juga
372 3524 477 3618 patris
496 3523 614 3606 habet3
632 3521 824 3593 crudelibus
841 3523 941 3593 ambo

162 3645 315 3732 Exuviis,
334 3643 475 3736 diroque
493 3643 611 3712 imbuti
630 3645 793 3742 sanguine
809 3667 937 3713 currus.

208 3767 377 3833 Metamm
394 3766 499 3834 instar
515 3779 586 3835 erat
600 3765 680 3834 hinc
695 3765 788 3834 nudo
805 3765 926 3834 robore
944 3789 1103 3858 quercus,

162 3883 251 3956 Olim
267 3910 382 3956 omnes
399 3899 499 3956 exuta
515 3911 646 3973 comas,
664 3887 744 3956 binc
759 3911 875 3956 saxeus
893 3887 995 3958 umbo

161 4006 296 4075 Arbiter
312 4006 465 4102 agricolis
483 4033 490 4077 ε
508 4007 608 4078 finem
625 4008 714 4103 jacet
730 4008 819 4076 inter
835 4022 1028 4100 utrumque,

160 4125 270 4217 Quale
286 4143 405 4222 quater
418 4127 531 4223 jaculo
552 4129 715 4224 spatium,
738 4143 788 4199 ter
806 4128 970 4196 arundine
987 4127 1113 4196 vincas.

1026 4244 1058 4314 5.
