3206 5136
465 449 506 504 IN
528 451 558 503 P.
580 451 610 503 Ρ.
633 451 760 505 STATII
782 451 889 506 THEB.
911 452 980 506 LlB.
1003 454 1024 506 l.
1212 458 1268 530 295

212 581 273 637 que
290 563 345 620 hoc
364 563 454 619 modo
477 565 562 621 codd.
577 564 675 637 multi,
693 563 844 639 inquibus
861 566 1008 639 meliores,
1023 568 1164 642 probante
1185 571 1268 626 etiam

212 656 332 713 Handio
347 656 385 712 ad
399 656 508 724 Silvas,
522 676 552 728 1,
567 677 601 728 a,
620 657 684 714 160.

255 751 372 806 Aracia
385 763 447 806 ane
464 753 502 822 (v.
521 751 632 829 106).1.
648 769 673 806 e.
688 752 825 822 thessala,
838 751 963 828 magica,
982 752 1019 809 ab
1039 758 1157 826 Atrace,
1173 758 1265 814 Thes-

213 843 290 898 salia
303 851 380 920 rege:
394 843 440 900 Sic
455 845 548 902 Valet.
563 847 672 916 Flaccs,
687 863 734 915 vr,
751 852 805 916 447
823 862 830 900 :

323 959 439 1023 Quamvis
452 960 550 1011 Atracio
560 961 643 1012 lunam
655 951 767 1029 apumaie
779 976 872 1010 veneno

320 1042 403 1094 Sciret.

256 1151 405 1206 caerulei...
424 1153 496 1206 nodi
506 1150 544 1229 (v.
563 1149 696 1224 110).Ex
715 1151 857 1228 anguibus
876 1151 951 1208 nexi.
973 1152 1086 1210 Ibidem
1109 1155 1138 1210 in
1150 1170 1267 1228 pectora

211 1241 359 1315 quidquid
372 1253 415 1298 est
434 1243 610 1318 optimorum
624 1243 710 1300 codd.
725 1245 822 1320 Vulgo
839 1245 869 1299 in
877 1257 1013 1318 pectore,
1035 1245 1117 1319 quod
1130 1248 1265 1320 praefere-

210 1335 263 1390 bat
282 1333 449 1394 Wakefield
467 1337 504 1393 ad
518 1339 648 1407 Lucret,
663 1356 715 1407 ιιι,
731 1335 797 1404 504.
1204 1352 1207 1358 ’

253 1431 346 1504 Atque
359 1431 452 1504 aunis
470 1431 585 1486 uincula
602 1434 707 1486 laxant
723 1429 840 1490 ,Viribus
862 1431 900 1506 (v.
920 1427 997 1508 135).
1018 1431 1078 1488 Etsi
1097 1432 1153 1490 hoc
1173 1437 1267 1510 expli-

212 1519 272 1575 cari
284 1531 397 1593 potest,
412 1523 504 1577 multo
519 1533 615 1578 tamen
626 1522 695 1577 huic
707 1523 774 1578 loco
789 1521 1007 1579 convenientius
1021 1535 1062 1580 est
1081 1527 1162 1600 quod
1181 1528 1264 1586 inve-

210 1613 256 1668 nit
267 1610 474 1684 willebertus,
485 1617 549 1672 Silv.
559 1616 678 1684 crit.‚P.
691 1635 732 1686 rr,
745 1634 775 1690 p.
791 1612 828 1689 59
843 1634 850 1668 :
867 1639 879 1664 a
893 1615 930 1671 Et
942 1617 1044 1691 calquis
1053 1618 1168 1677 vincula
1181 1623 1199 1676 l.
1209 1624 1263 1677 V.»

252 1706 397 1762 Montibus
413 1708 510 1762 Graiis
530 1704 569 1785 (v.
591 1705 668 1784 ι45).
689 1709 835 1764 Marmore
857 1726 893 1762 ex
917 1709 1065 1766 montibus
1087 1713 1200 1768 Graeciae
1214 1733 1266 1770 ex-

212 1798 292 1870 ciso,
305 1810 338 1856 ut
351 1819 431 1855 mons
449 1801 538 1874 Libys
551 1801 583 1856 in
603 1803 687 1868 Sila,
704 1821 748 1872 rv,
765 1819 798 1871 a,
818 1819 864 1870 ²7·

261 1907 331 1978 Quis
345 1918 404 1964 tam
424 1907 490 1974 tibi,
505 1925 579 1963 saeve
601 1904 638 1982 (v.
658 1904 734 1983 165).
754 1906 818 1962 scil.
843 1907 966 1963 Eteocle.
983 1911 1116 1968 Ceterum
1139 1922 1203 1966 tunc
1222 1913 1266 1968 le·

213 1998 338 2074 gendum
354 2017 390 2054 ex
405 2009 466 2072 opt.
481 2001 576 2056 Barth.
593 2011 622 2056 et
641 2019 658 2056 a
679 2002 770 2076 Regg.

256 2106 362 2160 Tamen
376 2105 425 2160 itte
436 2107 570 2179 precanti
581 2107 665 2162 Mitis
678 2105 715 2182 (v.
735 2107 790 2182 189
804 2103 868 2184 ιιι.)
891 2105 1043 2163 hiducitur
1055 2107 1102 2164 hic
1115 2109 1199 2180 alter,
1213 2111 1265 2184 qui

211 2197 342 2254 defendit
359 2199 506 2256 Eteoclem
521 2199 557 2256 ab
571 2197 627 2254 illie
641 2198 889 2273 imputationibus

252 2293 351 2366 Neque
372 2303 402 2346 tu
419 2293 523 2348 aalide
540 2293 619 2366 quad
639 2288 677 2369 (v.
694 2309 751 2348 aaa
766 2289 831 2368 ιφ).
849 2293 953 2368 Neque
972 2310 1025 2366 per
1047 2293 1188 2350 diluvium
1208 2296 1264 2352 boc

128 2411 133 2420 ·
211 2385 368 2459 praestitum
383 2396 438 2456 est,
449 2403 539 2460 quum
549 2387 703 2459 Neptunus
714 2385 797 2462 aquis
810 2385 940 2444 interm
953 2387 1068 2461 evagari
1077 2387 1262 2460 permitteret.

253 2481 515 2554 Ermresquesems
529 2497 674 2534 nemorum
689 2475 727 2554 (v.
743 2475 822 2556 230).
838 2480 973 2556 «Agaues
995 2490 1023 2535 et
1044 2480 1163 2536 Penthei
1184 2481 1262 2536 indi-

210 2571 269 2627 cari
276 2571 413 2628 videntur
427 2572 499 2643 fata,
509 2582 538 2628 et
552 2570 654 2627 Bacchi
668 2570 803 2628 adversus
812 2571 967 2627 Pentheum
982 2571 1075 2642 fraus,
1085 2573 1176 2646 qualis
1185 2573 1263 2647 apud

208 2665 378 2739 Euripidem
398 2664 555 2722 consuitur.
574 2687 588 2716 a
602 2666 686 2720 Waa.

250 2761 340 2814 Arces
360 2759 519 2832 Cyclopum
533 2753 570 2832 (v.
587 2757 640 2814 251
658 2751 723 2834 sq.).
737 2759 845 2832 Argos,
861 2755 912 2812 ubi
925 2757 1001 2812 muri
1018 2757 1156 2833 Cyclopii.

252 2853 355 2926 Coptos
368 2849 408 2930 (v.
429 2847 507 2924 265).
522 2849 580 2908 Ubi
594 2852 627 2905 Io
645 2851 740 2924 pellex
753 2849 832 2907 lovis
846 2849 1001 2906 colebatur.

251 2958 381 3030 Nesasa's
393 2962 559 3030 Imposuere
579 2959 648 3014 locis
668 2954 706 3036 (v.
723 2958 779 3028 273
795 2952 861 3033 sep).
881 2955 946 3013 Scil.
965 2955 1015 3012 ubi
1036 2958 1152 3032 Lycaon
1166 2960 1261 3015 homi-

208 3073 275 3110 nem
287 3062 461 3110 mactaverat
474 3052 506 3107 in
521 3049 600 3108 Jovis
615 3069 677 3120 ara;
692 3049 728 3106 cf.
742 3053 882 3118 Pansam,
896 3068 969 3118 viu,
989 3067 1016 3104 a.

250 3160 376 3216 Getico...
391 3158 443 3214 aab
455 3159 558 3214 Hoemo
577 3157 615 3233 (v.
633 3152 711 3231 ²75).
728 3157 801 3214 Cum
813 3154 962 3212 Diomedis
976 3155 1092 3212 Thracis
1108 3156 1199 3229 equis.

252 3265 368 3332 Gravis,
389 3264 492 3330 dictis,
508 3281 674 3336 quanquam
694 3279 817 3336 aspera,
834 3272 926 3316 motus
942 3257 981 3336 (v.
1004 3258 1082 3335 ι84).
1100 3261 1166 3316 Hac
1187 3259 1226 3314 ita
1244 3279 1260 3314 a

208 3358 299 3414 Statio
321 3356 407 3414 scribi
426 3373 488 3413 non
506 3365 670 3429 potuerant.
693 3353 786 3411 Codd
813 3372 893 3428 paene
916 3370 1013 3409 omnes
1035 3371 1042 3406 ι
1066 3363 1160 3418 maan·
1182 3352 1260 3412 unde
1339 3417 1343 3424 1

208 3450 398 3526 probabiliter
412 3448 545 3505 Barthitts
558 3468 565 3502 :
581 3449 685 3523 agauri
695 3446 794 3517 dictis,
804 3466 833 3521 q.
847 3465 921 3520 asp„
934 3456 1011 3500 motu
1020 3443 1159 3500 Reddidit
1171 3444 1258 3500 hec.»

250 3557 445 3629 daturumque
463 3553 577 3609 Dionea
599 3551 636 3627 (n
662 3548 740 3629 288).
764 3549 906 3606 «Veneris
931 3559 1050 3604 matrem
1070 3547 1140 3626 (sive
1163 3548 1259 3621 potius

207 3649 299 3721 ipsam
312 3647 467 3725 Venerem)
478 3645 550 3706 dicit
563 3645 712 3702 sollicitam
725 3645 852 3700 futuram
865 3652 987 3717 propter
999 3639 1190 3711 Harmonia,
1199 3643 1259 3696 Ve-

207 3739 283 3796 neris
301 3750 329 3796 et
342 3739 444 3795 Martie
462 3738 569 3806 liliam.
585 3738 685 3795 Cadmi
698 3755 828 3794 uxorem.
845 3735 958 3790 uLicr.

249 3851 324 3919 Lege
332 3845 422 3900 Erebi
433 3843 471 3919 (v.
487 3840 567 3921 298).
582 3843 656 3914 Quia
671 3843 764 3899 adhuc
781 3842 889 3906 inultus
903 3849 981 3911 erat,
996 3851 1028 3896 ut
1046 3839 1124 3913 apud
1137 3839 1258 3906 Lucam,

209 3957 235 4004 1,
262 3955 290 3992 ιι
310 3956 316 3992 :

314 4113 322 4128 .
337 4115 344 4127 .
358 4114 365 4127 .
382 4115 387 4127 .
404 4077 540 4142 Umbraque
554 4086 645 4126 erraret
659 4079 754 4127 Crasem
766 4076 850 4125 inulla.
