3146 5140
397 456 456 524 sta
697 455 913 514 'ultumos
933 454 1045 512 uultu
1067 453 1136 512 ΧΠ.
1359 459 1446 523 (ωε.)

396 587 464 670 Te,
484 607 580 678 puer,
599 596 635 650 et
649 579 878 652 diros-'misera
896 583 931 650 iu
946 585 1089 652 Tartara
1107 581 1249 652 batres?

395 709 441 774 Et
457 728 549 773 nunc
562 699 735 796 OEdipodi
755 725 823 798 par:
837 717 887 772 est
905 703 1043 774 fortuna
1059 695 1207 780 doloris.

396 828 446 895 Ac
460 824 543 894 mibi
555 850 563 893 :
577 847 679 917 quam
689 823 815 899 similes
825 819 1004 919 gemimus,
1022 821 1110 893 boue
1119 827 1138 892 J
1140 826 1287 920 uppiter,
1298 825 1444 902 umbras!

395 947 537 1041 Accipe,
557 959 652 1032 nate,
670 941 722 1013 tui
740 967 829 1015 nova
845 943 1028 1016 libamenta
1043 935 1228 1040 triumphi,

395 1069 538 1162 Accipe,
558 1082 590 1136 at
610 1067 677 1136 hoc
689 1059 1008 1162 'rogimeu'tlextroe,
1025 1065 1214 1162 frontisque
1233 1069 1387 1164 superbe

395 1187 558 1276 Vincula,
575 1213 651 1283 quae
669 1191 758 1283 patri
772 1189 914 1258 nimium
934 1187 1095 1284 gestanda
1111 1187 1242 1258 dedisti.

396 1313 524 1406 Regem
544 1323 597 1398 ta,
615 1327 752 1406 regern,
765 1311 877 1380 tristes
893 1307 1067 1380 Eteocleos
1081 1299 1227 1380 umbrae·

295 1487 297 1494 s
394 1432 601 1528 Adspiciunt.
615 1461 632 1498 a
646 1430 756 1502 Simul
773 1419 845 1502 haec
862 1431 992 1518 diceus,
1004 1432 1203 1526 'crinemque
1219 1457 1422 1528 manumque

396 1547 567 1640 Destruit,
583 1567 790 1648 accensaque
808 1555 908 1622 iterat
924 1551 1105 1623 violentius
1124 1553 1175 1624 ira
1195 1579 1203 1621 :

395 1677 549 1744 «Saevum
558 1673 719 1770 agedum,
730 1670 1325 1768 immitemquevcbent,nuncfunera
1332 1679 1441 1744 Ieruse

394 1797 520 1864 Tecum
537 1795 655 1865 ardere
674 1809 772 1866 veto:
792 1794 911 1890 longos
925 1793 1055 1864 utinam
1070 1791 1192 1863 addere
1209 1818 1325 1864 sensus

358 1919 359 1924 ’
395 1916 620 2010 Corporibus,
639 1915 939 2010 coeloque'a'uinias
955 1915 1137 2010 Ereboque
1152 1921 1310 1984 nocentes

394 2034 521 2106 Pellere
535 2037 602 2124 fas,
621 2039 799 2134 ipsumque
817 2037 924 2126 feras,
944 2021 1055 2131 i'psuni
1071 2060 1157 2104 unca
1173 2034 1348 2105 volucrum

333 2239 335 2248 y
395 2161 465 2228 Ora
480 2159 589 2252 sequi,
609 2172 712 2253 atque
728 2171 821 2228 artus
838 2167 956 2252 regum
974 2165 1162 2226 monstrare
1181 2154 1353 2226 uelandus.

395 2278 458 2346 Hei
474 2278 575 2367 mihi,
593 2278 686 2373 quod
701 2281 829 2373 positos
846 2279 970 2348 humus
985 2275 1074 2348 alma
1089 2274 1387 2370 diesque'resolvit.

395 2401 510 2488 Quare
523 2401 645 2470 iterum
663 2411 837 2496 repetens,
854 2400 1046 2492 iterumque
1064 2397 1180 2486 edico,
1202 2421 1357 2492 suprema

394 2521 447 2589 Ne
467 2521 542 2614 quis
555 2545 640 2616 ope,
657 2534 716 2589 aut
729 2499 871 2594 flammis
893 2521 981 2590 ausit
993 2519 1119 2612 juvisse
1138 2516 1298 2612 Pelasgos
1317 2545 1326 2587 :

395 2643 464 2710 Aut
483 2665 565 2711 nece
583 2641 669 2710 facta
685 2640 775 2727 luet,
792 2637 1000 2735 numeroque
1019 2638 1167 2736 explebit
1183 2639 1317 2709 ademta

394 2764 571 2856 Corpora:
588 2787 649 2856 per
662 2765 825 2857 Superos,
835 2769 1071 2858 'magnumque
1083 2762 1257 2830 Menoecea
1272 2763 1388 2854 jurum

394 2884 502 2970 Dixit,
519 2898 552 2951 et
566 2883 743 2979 abreptum
764 2885 902 2953 comites
923 2885 956 2952 in
975 2897 1060 2953 tecta
1077 2881 1239 2984 ferebant.

444 3000 579 3073 Flebilis
592 2991 725 3074 interea
742 3005 861 3074 va'cuis'
872 3005 1050 3074 comitatus
1068 3003 1121 3072 ab'
1131 2991 1251 3097 lingis,

395 3127 497 3194 Fama
514 3124 618 3194 trabit
634 3125 790 3211 miseras,
808 3124 897 3193 orbae
916 3119 1090 3218 viduaeque
1107 3122 1252 3192 ruebant

395 3244 589 3332 inachi'des,
610 3265 672 3314 ceu
686 3261 785 3341 capta
802 3269 923 3314 manus
943 3269 951 3313 ε
970 3269 1030 3313 sua
1049 3241 1188 3312 uulnera
1204 3243 1344 3337 cuique,

395 3369 460 3434 Par
473 3361 607 3435 habitus
625 3367 772 3452 cunctis,
790 3345 909 3460 dejecti
927 3367 961 3434 in
979 3371 1117 3460 pectora
1132 3365 1256 3450 crines,
1352 3377 1358 3386 '

396 3468 612 3580 Accinctique
629 3485 745 3556 sinus:
762 3501 902 3570 manant
921 3484 1029 3555 lacera
1045 3509 1105 3554 ora
1121 3481 1268 3553 cruentis

385 3587 593 3700 Unguibus,
612 3619 646 3676 et
662 3606 778 3678 molles
794 3605 932 3702 planctu
951 3631 1085 3677 crevere
1103 3604 1230 3674 lacerti.

445 3727 558 3796 Prima
577 3751 638 3821 per
654 3729 813 3797 attonitas
833 3729 937 3824 nigrae
950 3723 1074 3822 regina
1087 3739 1227 3797 caterva

395 3849 560 3917 Tristibus
579 3846 719 3918 illabens
737 3848 886 3937 famulis,
904 3850 1095 3943 iterumque
1112 3871 1312 3941 resurgens,

396 3969 524 4054 Quaerit
538 3969 635 4064 inops
655 3969 757 4065 Argia
768 3971 870 4040 'vias't
890 3994 959 4039 non
975 3971 1067 4066 regia
1082 3967 1196 4053 cordi,
1218 3961 1222 3970 '

397 4087 474 4158 Non
491 4103 585 4183 pater
607 4115 615 4158 ε
638 4113 705 4162 una
724 4091 951 4181 fides,'unum
970 4091 1138 4186 Polynicis
1153 4088 1256 4160 amati
