3200 5142
401 525 455 601 ¹9⁶
715 525 932 582 rumnroos
955 525 1066 582 unna
1087 525 1124 580 n.
1355 525 1391 588 (v.
1409 527 1479 587 ss.)

397 655 435 720 ln
457 646 606 718 medium
625 673 768 719 sonuere
785 648 891 738 diem,
909 649 1033 743 letique
1053 648 1213 720 triformis

396 771 527 839 ianitor
545 767 708 865 agricolas
725 771 852 863 campis
870 768 1004 840 auditus
1023 769 1146 864 abegit.

444 893 516 960 Hac
532 905 566 960 et
584 905 665 960 tuno
681 889 773 960 fusca
792 888 928 960 volucer
944 892 1038 962 Deus
1055 891 1183 960 obsitus
1199 891 1316 962 umbra

396 1009 515 1081 Exsiiit
531 1010 574 1080 ad
593 1013 757 1107 Superos,
776 1009 974 1104 infernaque
994 1009 1110 1080 nubila
1129 1009 1224 1080 vuitu

396 1132 560 1219 Discutit,
579 1146 615 1202 et
629 1131 713 1201 viris
732 1129 898 1201 afflatibus
915 1155 975 1200 ora
994 1146 1134 1201 serenat

395 1251 480 1321 inde
496 1275 557 1346 per
576 1256 774 1338 Arcturum,
793 1250 978 1344 medieque
994 1249 1126 1321 silentia
1138 1254 1247 1322 Lunae

396 1377 484 1442 Arva
504 1397 619 1468 super,
638 1371 849 1468 populosque
865 1386 964 1440 meat
985 1373 1095 1466 Sopor
1111 1371 1232 1442 obvius
1251 1369 1298 1440 iiii

396 1493 513 1564 Noctis
529 1493 650 1588 agebat
669 1517 789 1586 equos,
807 1490 1026 1587 trepidusque
1044 1493 1189 1586 assurgit
1205 1491 1324 1560 honori

396 1613 573 1703 Numinis,
590 1629 625 1682 et
640 1628 733 1682 recto
750 1611 885 1684 decedit
899 1611 1004 1682 limite
1020 1611 1105 1683 coeli.

396 1733 540 1803 Inferior
558 1730 648 1803 volat
663 1733 783 1805 umbre
798 1736 889 1822 Deo,
906 1749 1136 1829 praereptaque
1154 1734 1263 1804 noscit

397 1854 542 1942 Sidera,
554 1854 823 1949 principiumque
842 1856 913 1942 sui3
932 1857 1068 1949 jamque
1083 1856 1187 1926 ardua
1207 1857 1363 1950 Cyrrhae,

396 1973 632 2070 Pollutarnque
651 2000 712 2045 suo
732 1975 904 2071 despectat
922 1975 1069 2046 Phocida
1087 1976 1197 2046 busto.

444 2099 593 2167 Ventum
610 2110 683 2167 eret
699 2095 742 2166 ad
759 2094 914 2167 Thebas:
933 2099 1060 2192 gemuit
1078 2097 1317 2193 prope-limina
1334 2099 1406 2169 nati

396 2218 515 2307 Laius,
534 2231 568 2286 et
585 2232 682 2287 notos
701 2231 881 2287 cunctatur
897 2217 982 2286 inire
1001 2231 1149 2311 penates.

396 2340 445 2409 Ut
460 2362 540 2406 vero
556 2335 692 2407 excelsis
712 2351 843 2407 suamet
858 2337 941 2432 juga
957 2337 1035 2407 nixa
1053 2337 1219 2438 columnis

397 2459 506 2546 Vidit,
524 2473 558 2526 et
575 2457 715 2528 infectos
735 2459 918 2528 etiamnum
939 2459 1103 2554 sanguine
1117 2483 1254 2550 currus,

396 2581 494 2647 Paene
513 2592 604 2647 retro
622 2577 775 2647 turbatus
798 2577 889 2664 abit,
909 2578 966 2648 sed
983 2603 1114 2650 summa
1130 2581 1307 2680 Tonantis,

396 2702 415 2766 J
418 2721 513 2784 ussa,
533 2697 590 2767 sed
608 2697 757 2770 Arcadias
774 2699 921 2768 retinent
938 2701 1120 2794 spiramina
1140 2701 1251 2798 virgae.

394 2822 439 2888 Et
459 2832 539 2888 tunc
558 2817 644 2887 sorte
660 2817 731 2888 dies
749 2833 830 2888 noto
845 2819 972 2915 signata
991 2823 1152 2892 Tonantis

395 2937 566 3026 Fulmine,
585 2942 744 3034 praerupti
761 2964 865 3033 quum
886 2953 937 3028 te,
953 2957 1048 3012 tener
1061 2945 1161 3032 Evie,
1181 2959 1299 3040 partus

393 3060 622 3132 transmisere
640 3061 728 3154 putri
742 3060 874 3154 :Tyriis
893 3085 932 3130 ea
949 3085 1048 3131 causa
1064 3061 1190 3133 colonis

394 3184 587 3250 insomnem
604 3180 685 3250 indo
703 3181 856 3250 certatim
876 3179 1019 3250 educere
1036 3197 1167 3253 noctem

395 3303 570 3387 Sunserat;
587 3299 684 3370 effusi
702 3302 826 3394 passim
845 3325 905 3398 per
920 3316 1025 3390 tecto,
1044 3327 1104 3397 per
1122 3329 1236 3400 agros,

395 3425 490 3492 Serto
508 3423 606 3510 inter,
626 3444 815 3516 vacuosque
835 3444 929 3490 mero
946 3436 1089 3493 crateras
1106 3422 1265 3496 anhelum

393 3541 585 3612 Proflabant
601 3540 664 3610 snb
678 3537 754 3610 luce
769 3543 881 3610 Deum
896 3574 905 3611 s
919 3556 991 3610 tum
1010 3542 1155 3638 piurima
1169 3545 1294 3637 buxus,

393 3665 540 3758 AEraque
555 3663 706 3733 taurinos
723 3661 837 3730 sonitu
855 3660 1021 3733 vincentia
1039 3662 1166 3758 pulsus.

393 3787 471 3879 lpse
487 3783 588 3853 etiam
608 3779 755 3878 gaudens
773 3804 949 3852 nemorosa
966 3807 1027 3877 per
1044 3785 1119 3854 avia
1132 3811 1228 3857 sanus

393 3902 580 3999 Impulerat
597 3917 720 3972 matres
737 3901 868 3972 Baccho
886 3900 1025 3973 meliore
1041 3904 1222 3994 Cithaeron.

442 4023 564 4116 Qualia
582 4047 643 4120 per
659 4022 848 4119 Rhodopen
866 4022 985 4118 rapido
999 4027 1154 4096 convivia
1170 4044 1257 4100 eoetu

393 4150 560 4235 Bistones,
579 4157 638 4214 aut
655 4143 773 4214 mediae
789 4157 920 4239 ponunt
937 4143 1146 4216 convallibus
1164 4150 1266 4220 Ossae.
