3192 5148
482 545 642 620 notum
663 539 904 606 urrunnun.

657 741 672 808 ς
693 738 731 792 v.

541 911 831 1002 mucuns

200 1103 223 1160 1.
245 1105 374 1160 Orno!
397 1103 508 1160 Srurn.
531 1105 671 1180 Princeps
693 1104 753 1176 ed„
775 1105 949 1162 Thebaidem
971 1117 1001 1162 et
1026 1109 1218 1167 Achilleilem

159 1200 369 1273 complectens,
382 1195 444 1253 sine
457 1200 475 1254 l.
492 1207 521 1254 et
543 1217 569 1254 a.
584 1197 672 1276 (circu
685 1216 751 1256 auti.
770 1197 871 1276 1470),
886 1199 936 1256 iol.
955 1204 1057 1256 Altera
1067 1205 1216 1278 princeps,

158 1290 262 1348 itidem
279 1291 340 1348 sine
362 1291 381 1346 l.
400 1301 429 1346 et
443 1309 468 1348 a.
483 1288 572 1369 (circa
590 1310 615 1348 a.
634 1291 875 1369 ¹l771’l012110
890 1292 955 1349 cod.
976 1293 1071 1350 minus
1085 1308 1218 1353 necruete

158 1401 303 1459 expresso.
324 1384 429 1458 Neque
441 1383 502 1440 haec
513 1384 607 1440 Silvas
620 1383 759 1442 continet.

161 1475 258 1544 ilde?
273 1478 423 1544 donnana,
438 1477 506 1546 iol,
524 1481 589 1532 cum
604 1477 703 1533 scholl.
722 1479 811 1533 Inar.
825 1479 949 1534 Pnecrnr
968 1476 999 1532 in
1022 1477 1215 1548 Thebaidem,

273 1569 324 1624 lin.
334 1571 527 1626 Mnrnnmr
541 1570 617 1626 notis
630 1569 662 1626 in
671 1570 876 1636 Achilleidem‚
896 1571 1028 1626 Dorum
1044 1572 1215 1630 Cennrruu

273 1659 305 1718 iu
326 1661 425 1717 Silvas.
444 1661 499 1718 llic
522 1661 641 1736 quidem
660 1663 752 1718 multa
770 1662 877 1735 partim
897 1673 1004 1718 temere
1024 1680 1060 1718 ex
1082 1663 1216 1738 ingenio,

270 1752 393 1828 purtim,
402 1765 543 1816 utnostea
557 1754 705 1829 cognitum
714 1765 770 1825 est,
780 1773 817 1830 0¹.
830 1755 890 1810 MS.
905 1753 1029 1810 mutavit
1048 1754 1116 1811 :sed
1123 1756 1216 1812 docte

268 1857 302 1914 „et
323 1846 478 1922 ingeniose
504 1858 573 1904 suut
595 1848 657 1919 ejus
687 1847 893 1921 explicationes
915 1845 1054 1921 plurimae.
1073 1848 1112 1904 Hi
1133 1867 1216 1905 conr-

270 1939 403 1996 mentarii
417 1950 486 2015 post
498 1959 573 2014 saepe
591 1940 707 2015 repetiti
723 1951 798 1996 eunt.

160 2031 246 2090 1502.
269 2034 381 2089 Aldina
397 2035 513 2107 prema,
536 2036 569 2104 8,
588 2052 624 2090 ex
643 2033 765 2090 Arcncii
778 2032 959 2104 recensione,
975 2033 1058 2106 enjus
1079 2035 1217 2092 emende-

271 2123 364 2181 tiones
375 2126 436 2199 jum
452 2126 528 2201 1498
544 2126 673 2183 Veneriis
686 2125 865 2201 prodierant.

160 2217 247 2293 ¹5¹9·
269 2220 380 2274 Aliena
393 2219 520 2275 secundo
528 2259 537 2286 ,
555 2219 587 2289 8,
599 2218 646 2275 cui
660 2220 707 2276 Fr.
716 2219 837 2276 Asulani
851 2219 973 2294 epistola
985 2217 1138 2294 premissa„
1154 2221 1215 2277 De-
1301 2287 1306 2304 Ι

271 2331 331 2369 nno
351 2312 506 2383 recensita,
524 2311 588 2384 sed,
600 2312 700 2386 judice
713 2313 846 2384 llandio,
861 2313 1050 2370 festinantius.

159 2401 246 2480 1595.
267 2407 312 2461 Io.
327 2407 490 2476 Bemnrlii,
510 2405 715 2472 Flaminiana,
730 2407 818 2461 Antv.
844 2407 879 2476 8,
900 2425 937 2461 ex
960 2424 1021 2461 uno
1044 2391 1212 2480 pluribusve

269 2497 356 2556 codd.
372 2517 433 2555 non
446 2499 520 2554 male
533 2497 683 2580 recensita.
698 2498 808 2573 Saepius
821 2499 952 2574 repetita.

158 2591 244 2648 ¹600.
266 2593 407 2648 Fn'derici
427 2592 600 2668 Tiliobrogoe
614 2590 866 2671 (Liudcnbrogii),
882 2593 988 2664 Paris,
1008 2600 1044 2664 l,
1059 2612 1124 2650 cnm
1133 2596 1212 2650 Luct.

269 2683 378 2741 Placidi
394 2685 614 2742 commentariis.
630 2685 736 2743 Omnia
750 2687 862 2742 ecodd.
876 2683 1017 2742 recensita
1025 2727 1035 2756 ‚
1048 2685 1099 2741 sed
1117 2686 1213 2757 ita,ut

269 2796 352 2852 aequo
370 2779 455 2852 plura
469 2796 506 2836 cx
519 2777 585 2833 edd.
600 2779 836 2836 antecedentibus
852 2778 1010 2853 reliquerit.
1024 2807 1065 2822 -·
1077 2778 1212 2852 Ejusdem

231 2907 234 2912 ·
267 2871 335 2929 anni
354 2869 599 2938 Commelint'ana,
616 2891 682 2927 cum
700 2871 777 2928 uotis
794 2873 868 2928 Jani
887 2873 1004 2928 Gruten'.

158 2963 243 3039 1609.
264 2966 310 3022 Io.
323 2966 387 3022 Iac.
404 2965 542 3020 Gmteeri.
558 2965 698 3022 Recensio
712 2965 774 3021 sine
791 2965 877 3022 notis.

157 3057 244 3113 1616.
264 3058 310 3114 Io.
328 3059 419 3140 Gafp.
436 3059 579 3125 Gecartii,
594 3057 689 3133 Lugd.
699 3059 777 3127 But,
792 3059 819 3114 8.
834 3058 976 3114 Recensio
986 3069 1016 3113 et
1030 3059 1212 3132 Papiniano-

268 3171 329 3206 mm
337 3153 489 3208 lectionum
504 3151 571 3206 libii
576 3152 708 3227 quinque.
719 3149 848 3206 Gevnrtii
858 3151 969 3207 Electa.
975 3150 1074 3222 Poris,
1085 3152 1175 3226 1619,
1185 3157 1211 3218 l.

157 3244 243 3301 1618.
266 3245 395 3300 Emenci
407 3243 518 3310 Crucci,
536 3243 638 3314 Paris,
653 3250 685 3313 l,
700 3261 717 3297 u
732 3243 800 3299 voll.
816 3261 883 3299 cum
895 3241 1018 3300 eliorum
1032 3255 1212 3301 commenta-

266 3335 316 3393 riis
332 3335 506 3411 scholiisque
525 3337 593 3405 suis,
612 3335 726 3391 Nullius
740 3335 800 3390 lere
813 3334 909 3392 meriti
924 3334 1030 3391 editor.

155 3427 242 3495 1624.
266 3429 558 3495 Amslelodamensis,
584 3446 636 3498 ru,
656 3446 692 3483 ex
706 3445 764 3482 rec.
779 3429 855 3485 Dan.
876 3429 1002 3494 Hemsii,
1018 3438 1051 3482 ut
1066 3438 1179 3501 putant.

155 3519 242 3578 1653.
263 3523 308 3578 Ex
322 3539 379 3578 rec.
394 3531 501 3588 etcum
514 3521 591 3577 notis
608 3522 772 3578 Funmcr
792 3523 957 3577 Gronovn.
971 3521 1107 3590 Arnstel„
1122 3529 1169 3588 ul.
1185 3523 1212 3578 Is

265 3613 303 3671 ad
325 3615 399 3670 hanc
420 3609 618 3670 recensionem
631 3612 782 3670 codicibus
796 3614 905 3688 pariter
918 3625 1006 3688 atque
1025 3613 1143 3691 ingenio
1163 3615 1211 3670 in-

266 3719 403 3779 structus,
419 3726 616 3764 nonomnem
634 3707 717 3762 Statii
740 3707 849 3762 textum
865 3707 979 3780 judicio
999 3727 1052 3764 suo
1072 3707 1211 3780 subjecit,

265 3803 316 3858 sed
338 3802 371 3857 iis
391 3801 589 3862 tantumlocis
610 3798 720 3856 mederi
736 3811 779 3857 est
795 3800 944 3874 dignatus,
959 3800 1010 3875 qui
1029 3800 1211 3856 Gronovium

267 3897 436 3951 salvatorem
458 3891 605 3968 requirere
626 3893 800 3948 viderentur.
818 3896 915 3963 Quare
931 3895 991 3949 haec
1013 3893 1156 3963 recensio,
1174 3893 1212 3950 ed

267 3976 441 4044 hodiernum
454 3987 533 4045 diem
548 3987 580 4042 in
594 3987 660 4043 edd.
672 3986 732 4042 lere
745 3997 874 4058 servata,
888 3985 1093 4062 perfunctoriae
1107 3988 1213 4043 solum-

265 4081 355 4138 modo
368 4091 476 4138 nomen
489 4091 625 4138 meretur.

91 4245 100 4260 ,
154 4171 240 4230 1658.
264 4175 336 4246 Cum
349 4174 425 4232 notis
434 4174 1054 4239 annc.Gurnrxdo.Pmnrnrctclior.
1067 4174 1210 4230 aMarul-
