3094 5140
307 477 309 482 ’
385 486 439 557 176
700 485 914 542 rnnnnnos
934 485 1044 541 anun
1065 485 1101 539 x.
1337 487 1436 548 (aas.)

380 613 622 704 AEthiopasque
640 609 741 700 alios,
761 610 845 680 nulli
865 607 1082 706 penetrabilis
1101 623 1206 698 nstro,

380 736 493 801 Lucus
513 733 621 817 iners,
640 734 821 826 subterque
841 735 931 801 cavis
949 756 1051 827 grave
1065 731 1204 825 rupibus
1222 745 1360 802 antrum

381 857 413 922 lt
431 879 575 922 vacuum
591 854 627 927 in
647 868 811 940 montem,
831 878 898 946 qua
917 851 1040 922 desidis
1059 853 1146 921 atria
1164 853 1296 938 Somni,

381 975 610 1069 Securumque
627 974 729 1044 larem
748 976 857 1070 segnis
876 978 1009 1046 Natura
1028 972 1162 1042 locavit.

379 1098 499 1165 Limen
519 1122 625 1191 opaca
641 1098 768 1185 Quies,
786 1112 820 1165 et
836 1097 932 1192 pigra
952 1094 1089 1163 Oblivia
1105 1109 1259 1179 servant,

380 1221 424 1286 Et
440 1243 613 1311 nunquam
632 1216 724 1312 vigili
746 1233 882 1312 torpens
902 1217 1041 1310 Ignavia
1058 1213 1166 1284 vultu.

379 1338 460 1406 Otia
477 1337 663 1426 vestibulo,
684 1339 870 1432 pressisque
887 1335 1026 1406 Silentia
1044 1336 1164 1429 pennis

379 1461 476 1527 Muta
496 1459 633 1546 sedent,
650 1459 857 1552 abiguntque
874 1473 986 1528 truces
1003 1483 1024 1524 a
1042 1454 1188 1526 culmine
1205 1471 1344 1545 ventos,

379 1584 422 1649 Et
437 1575 549 1649 ramos
566 1605 678 1650 errare
699 1595 834 1668 vetant,
853 1595 886 1648 et
907 1603 1081 1648 murmura
1102 1577 1243 1647 demunt

379 1699 524 1770 Alitibus
547 1728 555 1770 τ
577 1726 646 1770 non
667 1703 722 1770 hic
742 1699 869 1795 pelagi,
888 1699 969 1769 licet
987 1701 1100 1771 omnia
1119 1697 1267 1767 clament

379 1823 516 1908 Litora,
537 1847 605 1890 non
627 1821 696 1890 illic
709 1821 782 1890 coeli
801 1821 916 1916 fragor
935 1848 942 1889 :
965 1824 1038 1916 ipse
1056 1797 1234 1916 profundis

379 1942 533 2013 Vallibus
553 1943 717 2039 effugiens
739 1942 905 2040 speluncae
921 1945 1094 2038 proximus
1114 1945 1220 2012 amnis

379 2067 466 2133 Saxa
486 2067 576 2133 inter
593 2064 814 2160 scopulosque
835 2080 946 2134 tacet:
962 2065 1133 2159 nigrantia
1150 2064 1276 2134 circum

379 2191 555 2274 Armenta,
576 2209 676 2255 omne
696 2184 767 2254 solo
789 2186 928 2254 recubat
944 2211 1062 2280 pecus,
1083 2200 1117 2253 et
1135 2210 1224 2254 nova
1242 2201 1396 2253 marcent

380 2309 563 2395 Germina,
581 2321 814 2401 terrarumque
832 2306 973 2376 inclinat
990 2309 1127 2403 spiritus
1145 2307 1278 2375 herbas.

380 2426 475 2497 Mille
493 2430 583 2496 intus
601 2426 780 2498 simulacra
794 2430 859 2497 Dei
877 2427 1053 2498 caelaverat
1067 2428 1189 2497 ardens

379 2547 569 2618 Mulciber:
590 2550 645 2618 bic
661 2549 766 2619 haeret
783 2547 880 2618 lateri
899 2549 1056 2636 redimita
1073 2549 1263 2644 Voluptas,

378 2671 442 2738 llic
461 2695 571 2740 comes
591 2673 627 2739 in
646 2672 795 2764 requiem
814 2695 956 2769 vergens
975 2672 1087 2740 Labor
1109 2697 1117 2739 :
1136 2685 1185 2740 cst
1203 2671 1262 2739 ubi
1282 2671 1415 2741 Baccho

379 2793 440 2860 Est
458 2793 516 2862 ubi
535 2795 733 2888 Martigena
749 2794 878 2862 socium
895 2793 1053 2886 pulvinar
1069 2794 1186 2864 Amori

379 2915 522 2983 Obtinet
540 2941 548 2984 :
571 2917 711 2986 interius
728 2929 854 2983 tectum
870 2915 904 2982 in
924 2913 1154 3009 penetralibus
1171 2915 1246 2985 altis

378 3039 420 3104 Et
441 3059 519 3105 eum
534 3040 645 3106 Morte
659 3037 748 3130 jacet
766 3062 773 3103 :
794 3033 945 3128 nullique
965 3060 1004 3104 ea
1025 3037 1128 3104 tristis
1150 3038 1273 3131 imago.

378 3159 453 3250 Ipse
471 3171 602 3246 autem,
622 3181 745 3226 vacuus
765 3159 872 3245 curis,
888 3158 1058 3227 humentia
1077 3158 1191 3226 subter

378 3281 485 3348 Antra
506 3277 692 3373 soporifero
712 3282 853 3373 stipatus
874 3279 971 3367 llore,
994 3294 1123 3374 tapetas

379 3404 522 3472 lncubat
543 3429 551 3471 :
570 3400 730 3472 exhalant
747 3416 875 3489 vestes,
891 3416 926 3470 et
943 3425 1087 3495 corpore
1106 3404 1202 3496 pigro

380 3527 494 3592 Strata
511 3522 636 3612 calent,
654 3546 821 3617 supraque
839 3537 952 3590 torum
972 3523 1069 3617 niger
1088 3523 1179 3591 efflat
1198 3523 1320 3592 anbelo

381 3649 449 3713 (tre
469 3669 575 3739 vapor
595 3671 603 3712 :
625 3669 744 3713 manus
762 3644 834 3712 haec
852 3643 943 3712 fusos
963 3667 983 3712 a
1004 3627 1153 3738 tempore
1173 3643 1255 3713 laevo

378 3769 553 3836 Sustentat
569 3767 695 3854 crines;
714 3765 784 3833 baec
804 3789 909 3834 cornu
929 3763 1033 3833 oblita
1054 3769 1192 3835 remisit.

380 3889 510 3960 Adsunt
528 3890 706 3967 innumero
727 3888 854 3957 circum
874 3911 959 3982 vaga
978 3889 1119 3956 Somnia
1136 3888 1253 3972 vultu,

379 4015 470 4080 Vera
489 4009 589 4079 simul
610 4007 717 4096 falsis,
735 4009 968 4104 permixtaque
987 4009 1095 4076 tristia
1116 4007 1260 4079 blandis.

380 4134 498 4204 Noctis
512 4155 617 4225 opaca
633 4129 775 4218 cohors,
792 4129 1027 4222 trabibusque,
1042 4143 1103 4196 aut
1119 4130 1273 4224 postibus
1290 4132 1432 4210 haerent,
