3080 5136
397 484 453 542 330
770 489 1069 546 annotantem

393 599 535 658 anthim.
551 603 586 658 ln
603 601 694 658 Statio
708 615 847 678 sequente
860 623 945 662 versu
959 605 1053 678 ejecto
1067 606 1208 677 conjecit:
1226 609 1321 662 mona
1334 606 1391 686 [ne.
1407 610 1457 664 tibi

392 693 481 763 bella,
495 712 531 750 ex
544 691 615 772 sem}
628 696 742 771 capessi
753 693 928 773 (capessivi),
943 698 1027 754 «Nec
1043 696 1095 753 tibi
1112 719 1133 756 s.
1149 719 1170 754 s.
1187 698 1206 755 i.
1220 699 1300 756 belia
1319 699 1351 775 pL
1363 727 1377 750 υ

436 797 490 854 Vei
508 800 631 874 aegrotae
645 795 685 875 (v.
703 801 782 876 9⁰7i·
802 803 857 857 ΜΒ
873 823 880 856 :
900 821 974 858 «nec
988 803 1103 878 ingr.,n
1115 821 1282 878 perperam.

781 1035 821 1090 IN
844 1035 992 1092 LIBRUM
1014 1037 1051 1091 X.

431 1276 558 1328 Ismenos
577 1273 668 1346 mpn's
683 1269 723 1348 (v.
740 1271 799 1348 ιγ).
818 1273 873 1328 ΜΒ
887 1281 917 1328 et
929 1273 1016 1346 pauci
1033 1273 1069 1328 el.
1091 1293 1099 1328 z
1119 1277 1206 1346 mpti.

429 1381 515 1434 Juvat
526 1377 680 1434 exhaustos
694 1376 733 1454 (v.
750 1377 786 1436 36
801 1373 886 1454 squ).
901 1379 991 1435 Recte
1008 1377 1111 1434 Markl.
1126 1379 1171 1434 ad
1187 1381 1256 1436 Sile.
1264 1421 1275 1448 ‚
1295 1399 1338 1448 ιι,
1353 1383 1386 1452 3,
1402 1381 1451 1448 33,

348 1466 361 1548 '-
390 1471 516 1546 conjecit
532 1484 616 1528 erant
632 1482 661 1528 et
675 1471 889 1528 distinctionem
909 1471 1045 1542 mumvit,
1063 1491 1149 1548 quarn
1169 1483 1268 1530 tamen
1292 1474 1334 1532 ita
1355 1477 1451 1550 potins

390 1563 585 1623 constituerim
606 1585 612 1619 ι
633 1589 646 1615 n
665 1566 753 1620 Juvat
770 1565 835 1620 eth.
854 1564 916 1620 iter.
937 1565 1059 1621 iabores.
1077 1565 1159 1621 Sicut
1178 1579 1265 1622 emnt
1288 1565 1449 1644 (pntv'nt...

389 1655 496 1736 adbuc)
511 1667 632 1712 vertere.
649 1681 660 1706 a
679 1657 728 1712 Ad
746 1667 892 1730 postrema
912 1657 997 1732 glosa.
1018 1677 1025 1711 :
1045 1656 1101 1712 cin
1123 1675 1277 1731 campum,
1298 1661 1381 1716 unde
1403 1681 1449 1716 re-

390 1749 537 1806 dieram.»

432 1843 555 1917 Torquet
567 1839 606 1917 (v.
625 1837 684 1917 105).
700 1863 715 1892 ι
725 1840 836 1914 Optimi
850 1842 918 1898 libri
934 1841 1043 1898 babent
1057 1853 1153 1898 tome.
1172 1869 1184 1892 υ
1206 1846 1323 1901 Bran.

429 1949 465 2002 In
479 1947 577 2002 lthtthe
595 1943 634 2024 (ν.
653 1943 711 2020 48).
734 1947 790 2002 ΜΒ
805 1965 811 2000 :
827 1945 881 2002 «in
898 1948 1051 2020 parietem
1069 1946 1224 2022 trisyllabe.
1245 1950 1364 2003 lamehe
1383 1951 1446 2004 fort.

293 2066 297 2076 ·
389 2049 485 2096 ortum
505 2056 540 2095 ex
557 2037 753 2112 dittographia
774 2039 918 2114 sequentis
931 2058 1038 2094 versus.
1054 2039 1099 2096 lbi
1112 2041 1188 2095 enirn
1211 2041 1364 2097 barthiani
1384 2063 1446 2097 om·

389 2149 452 2204 nes,
476 2131 499 2188 si
526 2131 597 2206 quid
620 2131 807 2188 tribuendum
833 2133 922 2206 ipsius
945 2131 1071 2203 silentio,
1099 2134 1359 2207 conspirantem
1383 2137 1446 2191 edd.

390 2233 459 2282 vett.
474 2244 481 2280 :
497 2224 549 2282 nin
567 2224 665 2280 limine
678 2225 785 2298 templi.
804 2247 816 2274 s
832 2225 920 2295 Quod
939 2235 981 2281 est
996 2225 1081 2281 etiain
1094 2226 1124 2281 in
1143 2227 1307 2284 Lindenbr.
1326 2230 1445 2304 atiquot

390 2318 528 2394 Margine
541 2317 571 2371 in
582 2317 790 2387 Gronoviauis,
806 2335 892 2392 quem
907 2316 981 2373 vide.

429 2424 568 2480 Flammis
587 2420 627 2500 (v.
653 2422 712 2500 55).
737 2423 852 2480 «Liber
877 2435 937 2497 opt.
964 2425 1071 2500 aliique
1096 2422 1189 2480 nostri
1209 2437 1384 2481 constanter
1404 2431 1444 2482 vei

381 2510 478 2580 firmes
491 2515 537 2571 vel
548 2512 642 2585 flemis
662 2517 777 2573 babent.
802 2517 864 2572 Hoc
888 2518 1076 2590 Papinianum
1098 2537 1157 2574 esse
1175 2528 1265 2590 puto,
1286 2530 1322 2573 ut
1342 2519 1445 2575 odores

389 2608 531 2684 pretiosos
544 2619 634 2666 notet.
651 2634 663 2659 υ
685 2612 793 2666 Banna.
1310 2623 1312 2627 ·

429 2703 524 2758 Fortis
538 2699 653 2776 offensa
668 2704 767 2758 man'te'
778 2701 816 2778 (v.
832 2703 891 2770 64).
907 2695 961 2758 ΜΒ
978 2705 1115 2772 ιιηιυίτο,
1134 2702 1218 2776 prob.
1241 2701 1341 2760 Barth.
1362 2731 1375 2754 ι
1391 2708 1442 2760 Ju-

391 2813 494 2851 nonem
511 2797 638 2869 puellam
657 2796 699 2852 illi
720 2797 881 2851 velamento
900 2797 1096 2868 intexuerant,
1120 2807 1152 2851 ut
1166 2795 1377 2853 recordaretur
1388 2817 1441 2873 pn-

366 2935 368 2940 ,
388 2889 467 2946 doris
481 2889 526 2946 sui
539 2900 568 2946 et
582 2908 617 2945 eo
631 2889 720 2964 magis
740 2887 911 2944 irasceretur
925 2887 1089 2959 Thebanis,
1104 2889 1157 2943 ubi
1173 2900 1256 2944 erant
1271 2889 1344 2944 olim
1366 2893 1439 2945 lovis

388 2982 541 3056 pellices.»
563 2983 663 3038 Gaons.
682 3013 722 3024 -
740 2981 853 3036 Deinde
868 3000 895 3034 v.
913 2979 951 3036 66
972 2993 1049 3037 recte
1067 2981 1122 3036 ΜΒ
1145 2992 1172 3035 et
1192 2982 1228 3036 al.
1250 2983 1350 3036 Barth.
1373 2987 1439 3036 :in-

388 3074 516 3138 ducmnt.
868 3085 871 3088 “

431 3167 497 3224 Stat
505 3184 594 3239 super
600 3166 726 3222 occdiuoe
736 3161 774 3241 (v.
786 3163 843 3240 84).
854 3167 908 3220 ΜΒ
919 3186 926 3220 z
937 3189 949 3216 a
959 3175 1014 3221 stat
1020 3164 1112 3234 juxta
1123 3181 1184 3219 occ.
1192 3190 1204 3212 υ
1214 3162 1320 3221 Postea
1331 3168 1438 3221 Μία

386 3278 444 3334 pas
459 3257 529 3315 dicit
550 3257 696 3332 hesperios
711 3258 756 3313 vel
777 3256 984 3328 occidentales,
1005 3269 1091 3314 notos
1104 3257 1163 3330 jam
1182 3275 1218 3312 ex
1237 3257 1379 3314 Homero.
1401 3261 1441 3316 Ci.

388 3351 427 3408 ad
439 3350 708 3428 seqq..0vidianam
722 3349 945 3424 descriptionem
960 3351 990 3406 in
1005 3352 1080 3407 libro
1095 3370 1127 3406 xa
1145 3351 1343 3426 Metamorpd.

428 3445 509 3500 Licet
529 3444 627 3499 omnia
644 3445 770 3498 clament
783 3439 822 3520 (r.
837 3441 897 3517 94),
913 3443 1139 3518 Obsequendum
1157 3442 1204 3497 hic
1223 3454 1286 3498 erat
1310 3445 1441 3500 codicum

388 3555 493 3612 magno
508 3535 675 3606 consensui,
696 3536 817 3592 laorrt'da
831 3535 1037 3593 exhibentium.

430 3641 543 3698 Mitte...
558 3641 656 3716 imago
670 3639 708 3716 (v.
728 3640 882 3714 too-105).
899 3643 1009 3698 Desunt
1026 3641 1057 3697 bi
1070 3641 1201 3716 quinque
1223 3660 1325 3697 versus
1343 3643 1374 3696 in
1393 3645 1442 3698 ali·

388 3744 462 3808 quot
478 3731 641 3804 codicibus,
655 3733 706 3790 sed
720 3733 771 3802 iis,
785 3745 926 3808 quantum
940 3734 1004 3790 sciri
1017 3745 1129 3807 potest,
1142 3733 1370 3802 recentioribus,
1385 3755 1442 3789 nno

389 3837 510 3899 excepto
530 3828 595 3882 ΜΒ.
614 3826 771 3896 Quomodo
795 3845 858 3882 cuin
877 3828 1049 3902 Voluptate,
1067 3828 1199 3897 Labore,
1217 3827 1351 3896 baccho,
1378 3840 1442 3894 etc,

386 3919 504 3992 junctus
518 3918 638 3995 cogitari
651 3919 756 3976 debeat
774 3921 898 3976 Somnus
912 3920 999 3990 deus,
1013 3919 1128 3996 egregia
1141 3929 1211 3974 nota
1220 3921 1360 3992 exposuit
1373 3923 1443 3976 Gro-

389 4030 455 4066 nov.
470 4011 606 4086 ipsosque
620 4031 718 4068 versus
732 4021 760 4067 et
774 4012 864 4069 Statio
878 4024 907 4068 ct
917 4013 988 4086 huic
1001 4013 1066 4068 ioco
1078 4011 1243 4067 vindicavit.
1256 4011 1338 4067 idern
1349 4024 1441 4068 tamen
1534 4015 1535 4072 j

389 4103 470 4176 quod
492 4122 519 4158 v.
547 4111 601 4168 104
625 4105 740 4160 interiise
765 4117 866 4160 tectum
893 4106 922 4160 in
940 4105 1138 4182 penetralibus
1160 4105 1229 4158 ultis
1261 4114 1362 4160 tuetur
1388 4125 1442 4178 pro
1534 4167 1535 4170 Ἰ
