3206 5136
174 515 206 573 (v.
219 513 287 575 354.)
485 509 698 567 Tusnuuos
718 509 829 567 LIBER
849 509 899 564 Ν.
1188 505 1222 561 ι3

175 640 398 726 Unanimum,
416 635 473 706 hic
489 633 603 706 dulces
619 637 783 729 primaevae
800 633 953 727 conjugis
971 655 1076 700 annos
1093 641 1099 648 '

174 758 337 852 Ingemit,
355 771 389 824 et
408 755 537 850 gremio
556 758 694 824 miseros
712 778 901 824 accrescere
917 767 1022 822 natos.

173 876 320 947 Bellator
340 874 424 945 nulli
444 875 549 946 caluit
568 879 660 946 Deus
680 902 687 944 :
710 873 783 969 ipsa‘
804 889 935 944 vetusto

173 998 301 1066 Moenia
317 995 402 1065 lassa
418 999 501 1082 situ,
521 987 716 1090 magnaeque
734 996 935 1089 Amphionis
951 1021 1057 1084 arces,

172 1121 249 1186 Jam
267 1116 389 1185 fessum
410 1117 505 1186 senio
521 1114 652 1184 nudant
669 1113 775 1202 latus,
795 1130 828 1184 et
849 1115 915 1184 lide
930 1139 1025 1186 sacra

174 1240 337 1331 AEquatos
359 1235 460 1323 coelo,
480 1235 637 1321 surdum,
658 1250 758 1328 atque
781 1235 944 1328 ignobile,
965 1259 1079 1304 muros

174 1360 301 1425 Firmat
319 1381 405 1451 opus
425 1381 433 1423 :
454 1369 568 1424 tamen
588 1370 621 1423 et
640 1356 765 1424 Boeotis
783 1355 924 1424 urbibus
942 1355 1044 1426 ultrix

173 1475 333 1570 Adspirat
351 1475 430 1545 lerri
450 1475 575 1562 rabies,
596 1499 659 1544 nec
679 1475 766 1570 regis
788 1475 895 1569 iniqui
914 1484 932 1494 ''

173 1595 347 1682 Subsidio,
365 1611 530 1690 quantum
550 1597 638 1664 socia
653 1609 829 1689 progente
846 1611 1034 1665 moventur.

224 1717 286 1786 Ille
306 1717 400 1788 velut
422 1719 553 1812 pecoris
575 1715 683 1810 lupus
695 1730 905 1811 expugnator
922 1717 1040 1811 opimi,

173 1842 316 1909 Pectora
333 1839 463 1908 tabenti
484 1837 576 1906 sanie
600 1837 729 1930 gravis,
748 1837 904 1930 hirtaque
924 1837 1001 1906 setis

175 1962 248 2029 Ora
266 1973 442 2029 cruentata
460 1956 617 2027 deformis
633 1955 762 2026 hiantia
780 1955 872 2046 lana,

174 2080 317 2152 Decedit
335 2078 491 2166 stabulis,
510 2079 596 2166 huc,
614 2075 695 2146 illuc
713 2076 849 2146 turbida
868 2101 1002 2146 versans

175 2201 338 2288 Lumina,
360 2202 387 2268 si
406 2198 482 2268 duri
503 2211 675 2293 comperta
696 2195 790 2266 clade
807 2211 991 2290 sequamur

176 2325 344 2410 Pastores,
364 2321 546 2415 magnique
563 2319 651 2413 fugit
667 2343 736 2388 non
754 2319 880 2388 inscius
896 2302 979 2388 ausi.

227 2440 426 2512 Accumulat
443 2440 578 2510 crebros
599 2438 765 2509 turbatrix
787 2438 876 2508 fama
893 2463 1043 2532 pavores.
1151 2477 1154 2484 ·

175 2565 240 2632 Hic
253 2563 324 2657 jam
341 2561 508 2655 dispersos
525 2583 637 2630 errare
653 2559 799 2655 Asopide
816 2561 891 2657 ripa

175 2685 334 2752 Lernaeos
353 2683 510 2775 equites:
531 2681 588 2751 hic
605 2679 654 2770 te',
672 2681 831 2750 bacchate
850 2682 1038 2770 Cithaeron,

176 2804 240 2875 llle
258 2806 331 2901 rapi
348 2805 577 2890 Tbeumeson,
598 2806 659 2890 ait,
681 2805 857 2896 noctisque
878 2829 939 2896 per
959 2804 1096 2873 umbras

178 2934 323 3002 Nuntiat
340 2931 487 3000 excubiis
505 2929 622 3026 vigiles
636 2931 753 2998 arsisse
763 2928 911 2998 Plataeas.

179 3054 268 3121 Nam
282 3052 400 3144 Tyrios
410 3051 544 3120 sudasse
560 3049 658 3137 lares,
670 3050 874 3148 etsanguine
890 3049 1015 3117 Dircen

179 3173 364 3264 Irriguam,
386 3169 549 3263 loetusque
562 3193 686 3256 novos,
699 3170 887 3260 iterumque
902 3165 1046 3234 locutam

181 3289 329 3384 Sphinga
339 3292 442 3383 petris
455 3341 464 3376 ,
477 3290 531 3358 cui
544 3315 612 3358 non
627 3303 661 3357 et
671 3289 756 3356 scire
772 3285 908 3355 licentia
920 3285 1059 3378 passim,

179 3413 224 3479 Et
241 3407 361 3477 vidisse
373 3407 463 3476 fuiti
483 3409 599 3476 Novus
609 3409 661 3476 his
672 3430 772 3500 super
790 3405 890 3474 anxia
902 3402 1016 3472 turbat

181 3528 293 3596 Corda
314 3543 423 3597 metus
440 3554 447 3595 :
464 3528 584 3622 sparsis
603 3527 714 3595 subito
731 3540 886 3619 correpta
905 3520 1033 3617 capillis

180 3646 346 3716 Silvestris
370 3649 484 3742 regina
498 3647 592 3715 chori
606 3646 753 3715 decurrit
768 3647 803 3712 in
812 3668 944 3738 aequum
962 3717 964 3724 ¹

181 3769 315 3837 Vertice
325 3769 367 3836 ab
381 3769 526 3862 Ogygio,
539 3764 752 3859 trifidamque
765 3765 832 3833 huc
844 3765 957 3847 tristis,
975 3760 1066 3849 illuc,

179 3889 323 3955 Lumine
337 3889 520 3981 sanguineo
539 3888 656 3980 pinum
667 3884 821 3979 deiectat,
842 3899 875 3952 et
887 3883 1003 3952 ardens

179 4009 334 4074 Erectam
350 4008 499 4075 attonitis
521 4004 636 4099 implet
660 4002 862 4074 clamoribus
884 4004 1024 4071 urbem:

229 4153 245 4188 n
261 4127 485 4219 Omnipotens
498 4125 615 4217 Nysaee
630 4139 745 4218 pater,
765 4125 818 4191 cui
835 4125 944 4216 gentis
954 4125 1052 4191 uvitae
