3156 5138
412 497 451 555 80
754 495 798 548 Ῥ.
819 493 940 550 PUBLII
961 493 1085 552 STA'l'll
1341 501 1377 562 (ι.
1393 502 1453 563 ιιι.)

413 619 524 688 Curve
540 616 736 712 Therapnaei
751 615 899 686 lasciviat
913 642 972 686 ora
985 620 1115 714 Canopi
1132 647 1140 696 :

412 744 483 810 Cur
501 755 610 810 servet
626 741 763 810 Pharias
784 741 937 811 Iethaeus
949 743 1076 836 janitor
1091 768 1185 814 uras:

402 909 408 964 2
413 863 502 934 Vilia
519 890 579 934 cur
600 889 738 960 magnos
754 841 888 959 equent
903 865 1059 936 animalia
1075 870 1180 940 Divos
1196 895 1204 938 :
1236 869 1238 875 ’

401 992 495 1078 ,Quae
511 989 574 1059 sibi
592 1003 787 1084 praesternut
805 990 904 1058 vivax
921 988 1039 1062 altaria
1059 993 1220 1063 Phoenix:

399 1115 508 1206 lQuos
525 1113 681 1208 dignetur
697 1103 810 1208 n'gros,
826 1112 968 1209 aut'quo
985 1140 1019 1185 se
1034 1114 1166 1212 gurgite
1185 1095 1257 1194 Nili

399 1241 544 1334 ·Mergnt
561 1237 718 1307 adoratus
735 1238 874 1332 trepidis
888 1240 1077 1334 pastoribus
1094 1242 1187 1336 Apis.

460 1364 537 1432 Duc
549 1376 583 1432 et
602 1361 645 1431 ad
659 1362 841 1432 AEmathios
861 1387 989 1451 manes,
1004 1363 1062 1433 ubi
1076 1363 1214 1460 belliger
1230 1366 1323 1435 urbis

414 1483 577 1555 Conditor
589 1481 726 1579 Hyblaeo
741 1484 894 1579 perfusus
907 1500 1041 1555 nectare
1056 1487 1171 1575 durat3

412 1608 695 1703 Anguiseremque
715 1607 868 1698 domum,
883 1606 1009 1678 blando
1025 1635 1090 1703 qua
1105 1635 1213 1681 merse
1226 1637 1356 1681 veneno

413 1732 526 1801 Actias
539 1712 704 1803 Ausonios
720 1729 805 1827 sugit
817 1730 996 1827 Cleopatra
1011 1725 1154 1803 cotenes.
1295 1753 1298 1760 '

412 1854 527 1951 Usque
547 1869 580 1925 et
599 1855 634 1924 in
651 1852 803 1949 Assyrias
819 1835 928 1944 sedes,
946 1855 1168 1952 mandataque
1184 1875 1292 1928 castra

412 1987 631 2076 Prosequere‚
647 1993 680 2049 et
694 1979 797 2049 Marti
809 1980 983 2073 juvenem,
1002 1983 1092 2068 Dea,
1109 1981 1203 2051 trade
1218 1983 1348 2051 Latino.

412 2109 485 2178 Nec
502 2129 607 2176 novus
622 2105 743 2198 hospes
759 2103 823 2172 erit
838 2129 846 2171 :
864 2125 949 2196 puer
960 2105 1015 2173 hic
1031 2104 1162 2174 sudavit
1176 2107 1211 2174 in
1231 2107 1331 2174 armis

412 2233 522 2303 Notus
538 2229 649 2299 adhuc
663 2242 794 2298 tuntum
809 2227 945 2320 majoris
961 2251 1099 2302 munere
1115 2225 1221 2316 cluvi;

327 2401 329 2410 x
411 2358 486 2424 Jam
504 2369 616 2424 tamen
632 2367 667 2421 et
684 2368 811 2422 turmas
826 2348 915 2420 facili
928 2365 1125 2444 praev'ertere
1141 2379 1223 2449 gyro

412 2479 535 2566 Fortis,
551 2491 585 2547 et
600 2456 686 2549 ans
699 2471 812 2568 jaculo
827 2474 986 2544 damnare
1006 2477 1151 2572 sagittus.
1273 2545 1274 2550 ,

461 2603 551 2696 Ergo
566 2600 631 2669 erit
646 2597 703 2668 illa
717 2599 801 2688 dies,
813 2585 887 2693 'qun
902 2613 935 2668 te
950 2601 1077 2694 majora
1092 2600 1231 2672 daturus

413 2728 524 2796 Coeser
543 2723 585 2794 ub
602 2724 741 2793 emerito
759 2723 875 2816 jubeat
894 2723 1062 2794 disoedere
1076 2723 1185 2795 bello?

413 2854 460 2919 At
477 2873 554 2936 nos,
575 2847 640 2918 hoc
660 2850 781 2917 iterum
799 2861 923 2916 stantes
944 2847 979 2918 in
993 2846 1105 2935 litore,
1121 2863 1231 2954 uastos

413 2979 595 3070 Cernemns
613 2975 749 3062 fluctus,
764 2971 910 3067 eliasque
925 2974 1118 3072 rogabimus
1137 2999 1243 3044 auras.

461 3105 493 3171 Ο
515 3117 586 3171 tum
607 3115 752 3195 quantus
772 3097 847 3196 ego!
869 3115 928 3169 aut
947 3115 1072 3195 quante
1088 3101 1201 3170 votiva
1219 3103 1360 3172 movebo

413 3226 545 3296 Plectra
560 3222 644 3322 lyra!
667 3250 771 3321 quum
790 3250 843 3296 me
863 3250 985 3321 magna
1002 3227 1130 3296 cervice
1151 3224 1291 3321 ligatum

412 3352 552 3424 Attolles
569 3353 731 3441 humeris,
748 3367 852 3447 atque
864 3352 899 3420 in
918 3377 991 3422 mea
1012 3367 1149 3447 pectora
1165 3353 1313 3446 primum

412 3477 587 3547 Incumbes
604 3502 625 3554 e,
639 3500 751 3570 puppe
770 3501 891 3561 novus,
905 3491 1103 3571 servataque
1120 3475 1238 3546 reddes

414 3599 607 3695 Colloquia,
623 3603 725 3694 inque
744 3581 850 3668 vicem
867 3599 993 3670 medios
1010 3598 1219 3670 narrabimus
1229 3625 1360 3700 vannos,

412 3723 479 3809 Tu,
495 3720 651 3816 rapidum
662 3720 874 3818 Euphraten,
894 3736 928 3790 et
943 3723 1034 3817 regia
1051 3726 1187 3810 Bactra,
1205 3745 1380 3814 sacrasque

395 3846 567 3939 *Antiquae
587 3843 769 3940 Babylonis
781 3869 875 3940 opes,
893 3859 926 3914 et
943 3851 1104 3940 Zeugma,
1120 3846 1247 3915 Latine

413 3967 507 4036 Pacis
527 3965 606 4052 iter;
626 3961 810 4059 qua'dulce
829 3989 945 4036 nemus
962 3966 1111 4036 florentis
1131 3964 1279 4052 Idumes;

412 4091 491 4180 Quo
508 4089 653 4182 pretiose
668 4090 773 4183 Tyros
792 4088 932 4177 rubeat,·
946 4113 1014 4183 quo
1030 4112 1179 4183 purpure
1196 4087 1273 4156 fuco
