3200 5142
180 415 310 478 (tm)
515 413 730 470 THEBAIDOS
751 415 862 474 LIBER.
883 417 919 473 ll.
1188 413 1244 468 215

181 544 274 609 Haec
290 542 360 635 regi
378 542 556 636 promissa,
573 540 706 634 Cydon,
722 541 818 630 lraec,.
828 545 970 635 Lampe,
987 538 1168 610 dabamus?
1179 568 1196 603 n

184 663 287 729 Dum
304 660 441 748 clamat,
458 661 550 731 subit
566 685 625 730 ore
642 686 724 730 cavo
740 662 940 730 Theumesia
959 684 1098 746 cornus,

184 782 266 850 Nec
282 781 461 875 prohibent
477 781 588 852 faunes
606 806 614 849 :
630 796 732 874 atque
749 778 799 849 illi
815 802 897 851 voce
913 777 1039 874 repleta

186 903 384 997 Intercepta
405 916 499 972 natat
517 915 682 996 prerupto
701 901 918 996 insanguine
937 897 1062 995 lingua.
1118 966 1121 974 .

187 1022 312 1094 Stabat
329 1021 452 1110 adhuc,
472 1022 579 1092 donec
596 1023 788 1092 transmissa
805 1036 915 1093 morte
932 1047 993 1116 per
1012 1035 1105 1096 artus

187 1141 351 1231 Labitur,
369 1143 592 1237 immorsaque
610 1141 731 1212 cadens
752 1143 923 1212 obmutuit
940 1142 1046 1212 hesta.

243 1263 314 1332 Vos
331 1288 481 1358 quoque,
496 1263 708 1358 Thespiadae,
729 1289 791 1334 cur
810 1263 972 1334 infitiatus
990 1263 1121 1333 honora

192 1384 370 1454 Arcuerim
388 1383 495 1454 fama?
510 1383 622 1454 fratris
638 1384 840 1456 moribunda
856 1384 988 1454 levabat

192 1502 350 1573 Membra
367 1501 438 1573 solo
455 1505 615 1598 Periphas
632 1503 703 1602 (nil
723 1504 835 1576 indole
852 1503 973 1578 clarius
989 1502 1062 1591 illa,

193 1626 268 1695 Nec
286 1626 410 1718 pietate
429 1623 533 1720 fuit),
553 1624 635 1698 laeva
654 1627 836 1696 marcentia
854 1624 941 1696 colla

194 1747 407 1835 Sustentans,
427 1744 610 1841 dextraque
632 1743 719 1816 latus
742 1774 750 1816 ε
770 1745 972 1844 singultibus
991 1761 1122 1819 arctum
1177 1799 1185 1820 1

193 1867 362 1938 Exhaurit
377 1869 514 1938 thoraca
531 1867 628 1938 dolor
647 1894 655 1937 :
674 1894 736 1938 nec
756 1867 865 1938 vincla
882 1884 1036 1939 coercent

192 1987 387 2059 Undantn
406 1988 486 2063 fletu
506 1988 650 2086 galeam,
673 2014 778 2083 quum
798 1987 905 2064 multa
924 1989 1069 2084 gementi

192 2114 286 2179 Pone
303 2112 413 2205 gravis
430 2135 549 2182 curvas
567 2109 745 2204 perfringit
763 2109 876 2180 lancea
894 2125 1013 2180 costas.
1074 2127 1075 2130 ’

192 2233 272 2300 Exit
289 2245 323 2300 et
343 2231 378 2299 in
396 2230 549 2319 fratrem,
567 2243 776 2325 cognataque
792 2245 928 2325 pectora
943 2228 1010 2301 telo

192 2353 351 2420 Conserit
368 2377 376 2419 :
395 2348 451 2421 ille
463 2350 578 2421 oeulos
592 2353 776 2424 etiamnum
790 2353 825 2421 in
838 2349 912 2421 luce
925 2365 1077 2420 natantes

193 2473 303 2559 Sistit,
322 2487 355 2542 et
374 2472 530 2568 adspecta
550 2473 701 2567 germani
719 2487 844 2561 morte,
862 2471 1010 2568 resolvit

192 2596 238 2663 At
253 2595 307 2662 cui
324 2594 394 2662 vita
411 2617 541 2680 reeens,
559 2608 593 2663 et
612 2593 723 2668 adhuc
743 2594 779 2663 in
798 2591 937 2664 vulnere
953 2595 1040 2672 vires
1061 2617 1069 2660 :

194 2716 292 2782 «Hos
312 2714 371 2784 tibi
390 2711 600 2808 complexus,
617 2715 688 2789 haec
707 2713 802 2804 dent,
822 2715 883 2802 ait,
903 2712 1017 2785 oscula
1037 2712 1146 2782 nati.»

192 2834 407 2904 Procubuere
423 2860 521 2930 pares
536 2835 630 2924 fatis,
646 2833 833 2910 miserabile
847 2850 964 2905 votum

191 2953 332 3041 Mortis,
350 2971 384 3025 et
401 2954 531 3026 alterna
548 2953 741 3027 clauserunt
757 2953 885 3028 lumina
904 2955 1031 3030 deutra.

241 3077 398 3146 Protinus
416 3075 505 3147 idem
525 3075 615 3150 ultro
632 3075 745 3170 jaculo
764 3101 945 3172 parmaque
963 3078 1142 3145 Menoetem

190 3197 406 3266 proterrebat
416 3221 541 3292 agens,
562 3197 702 3292 trepidis
719 3199 859 3293 vestigia
876 3211 966 3266 retro

191 3317 347 3386 Passibus
365 3332 557 3413 urgentem,
575 3317 681 3388 donec
701 3317 824 3387 deiecit
844 3318 961 3412 iniqua

192 3439 323 3532 Lapsus
341 3439 461 3526 hume,
477 3441 669 3534 pariterque
686 3463 806 3510 manus
817 3437 1002 3518 *distractus
1021 3439 1055 3506 in
1076 3435 1191 3504 ambas

192 3563 293 3648 Orat,
312 3575 345 3632 et
366 3586 385 3630 a
401 3559 522 3656 jugulo
542 3560 704 3630 nitentem
724 3561 867 3630 sustinet
887 3561 1016 3632 hastam
1039 3585 1047 3627 ε

242 3683 371 3752 «Parce
389 3707 449 3775 per
463 3681 523 3750 has
540 3678 643 3752 stellis
659 3679 936 3752 interlabentibus
955 3681 1105 3768 umbras,

191 3803 256 3870 Per
273 3804 436 3896 Superos,
455 3815 654 3896 noctemque
671 3817 767 3873 tuam
786 3828 794 3870 ε
815 3803 902 3892 sina,
922 3803 1030 3872 tristia
1045 3801 1168 3871 Thebis

190 3923 340 3992 Nuntius
355 3936 432 3991 acta
448 3922 568 4009 feram,
586 3921 745 4018 vulgique
761 3948 823 4017 per
839 3947 899 3994 ora
915 3924 1067 4020 paventis

191 4046 375 4114 Contemto
393 4059 425 4114 te
443 4069 521 4140 rege
538 4069 654 4114 canam
676 4072 684 4114 ι
704 4047 749 4115 sic
767 4047 860 4116 irrita
879 4047 975 4116 nobis
