3200 5142
382 531 438 592 alm
683 518 899 576 THEBAIDOS
921 518 1037 573 uuus
1060 517 1112 570 111.
1317 508 1428 570 l¹·⁶⁸3·l

380 647 629 721 Thessandrum
649 645 806 741 portabat
823 667 887 713 avo
903 644 974 738 jam
994 655 1093 710 nocte
1111 663 1270 733 suprema

381 776 469 843 Ante
486 793 591 840 novos
611 781 721 851 ortus,
743 766 801 834 ubi
819 763 889 834 sola
909 763 1090 858 superstite
1108 759 1260 856 plaustro

381 897 504 962 Arctos
525 888 568 960 ad
590 891 765 959 Oceanum
782 886 989 982 fugientibus
1010 882 1140 953 invidet
1158 881 1267 950 astris.

429 1018 544 1108 thue
561 1011 648 1080 fores
668 1011 758 1096 iniit,
778 1031 969 1103 magnoque
987 1005 1096 1076 affusa
1111 1005 1245 1100 parenti
1261 1017 1332 1072 est:

381 1167 398 1200 a
411 1139 481 1205 Cur
498 1148 556 1202 tua
574 1156 650 1200 cum
669 1129 823 1225 lacrymis
841 1142 960 1197 moeste
978 1128 1051 1198 sine
1068 1127 1214 1220 conjuge
1229 1122 1370 1220 supplex

381 1255 516 1326 Limina
534 1267 634 1323 nocte
653 1266 785 1348 petum,
804 1273 929 1319 cessem
948 1249 1029 1320 licet
1046 1250 1118 1344 ipsa
1137 1245 1282 1343 profari,

384 1377 455 1447 Scis
472 1375 606 1470 genitor
624 1399 632 1441 :
653 1371 713 1442 sed
729 1373 805 1466 jura
824 1369 1117 1466 Deumgenitalie
1133 1383 1256 1456 testor,

382 1501 499 1592 Teque
516 1511 623 1592 pater,
643 1521 712 1564 non
731 1492 787 1562 ille
800 1495 916 1587 jubet;
936 1491 995 1562 sed
1016 1490 1159 1588 pervigil
1178 1513 1298 1586 angor,

383 1625 433 1689 Ex
451 1644 520 1713 quo
537 1620 666 1712 primus
685 1621 834 1710 Hymen,
852 1616 1025 1710 movitque
1044 1614 1189 1685 infausta
1207 1614 1376 1682 sinistram

382 1745 472 1810 luno
488 1738 610 1826 facem,
628 1761 763 1832 semper
780 1735 935 1830 lacrymis
954 1738 1151 1832 gemituque
1173 1734 1368 1830 propinquo

383 1859 571 1930 Exturbata
588 1860 683 1952 quies
703 1885 711 1926 :
728 1883 796 1926 nou
819 1859 847 1926 si
867 1859 951 1927 milri
968 1847 1099 1952 tigridis
1117 1859 1255 1945 horror,

385 1983 629 2075 AEquoreaeque
646 2003 747 2073 super
764 1979 895 2074 rigeant
914 1977 1100 2074 praecordia
1116 1992 1247 2065 cautes,

384 2105 486 2170 Ferre
504 2125 625 2195 queam
645 2126 652 2168 :
671 2115 709 2168 tu
730 2098 819 2168 solus
838 2123 959 2196 opem,
976 2115 1014 2169 tu
1033 2124 1165 2170 summa
1183 2097 1341 2168 medendi

384 2225 467 2293 Jura
485 2236 580 2291 tenes
596 2245 604 2288 :
620 2219 662 2289 da
679 2218 785 2308 bella,
805 2235 918 2314 pater3
937 2220 1120 2316 generique
1137 2220 1281 2314 jacentis

386 2343 528 2438 Adspice
545 2365 597 2412 res
615 2340 776 2428 humiles,
791 2357 893 2435 utque
909 2342 1013 2432 hanc,
1031 2357 1140 2438 pater,
1155 2341 1291 2438 adspice
1308 2339 1436 2437 pmlem

385 2463 539 2551 Exsulis;
558 2463 639 2536 huic
659 2462 740 2532 olim
756 2465 890 2558 generis
911 2466 1032 2561 pudor.
1051 2470 1083 2537 0
1105 2466 1162 2535 ubi
1181 2467 1291 2561 prima

386 2586 559 2681 Hospitia‚
576 2599 610 2654 et
624 2585 751 2678 junctae
770 2602 892 2657 testato
913 2589 1053 2658 numine
1070 2584 1214 2656 dextrael

435 2737 452 2771 α
462 2708 526 2775 llic
538 2719 627 2776 certe
640 2718 707 2796 est,
725 2733 827 2803 quem
840 2711 866 2777 F
866 2723 921 2778 ata
933 2709 1080 2797 dabant,
1095 2733 1197 2803 quem
1207 2707 1292 2777 dixit
1305 2707 1436 2804 Apollo.

386 2831 464 2900 Non
482 2845 616 2928 egomet
634 2831 752 2900 tacitos
770 2831 912 2900 Veneris
929 2829 1039 2900 furata
1058 2829 1203 2916 calores,

386 2944 609 3047 Culpatamve
624 2952 745 3040 lacem,
761 2966 819 3020 tua
833 2952 926 3045 jussa
944 2951 1108 3038 verenda,
1126 2967 1270 3046 tuosque

386 3071 499 3144 Dilexi
519 3073 667 3142 monitus
685 3097 692 3138 :
712 3094 802 3140 nunc
821 3097 888 3165 qua
905 3072 1038 3141 feritate
1055 3071 1200 3142 dolentis

386 3193 579 3287 Despiciam
596 3191 757 3286 questus?
775 3193 901 3280 nescis,
919 3207 1015 3287 pater
1031 3195 1175 3289 optime,
1193 3197 1319 3285 neseis,

386 3315 542 3403 Quantus
560 3337 656 3384 amor
673 3337 781 3383 causae
801 3315 924 3384 misero
943 3315 1098 3409 nupsisse
1116 3317 1249 3385 marito.

386 3436 432 3503 Et
451 3448 677 3507 nuncmoe'sta
696 3433 834 3529 quidem
850 3459 950 3530 grave
969 3449 1004 3504 et
1023 3434 1191 3506 illaetabile
1207 3461 1333 3508 munus

385 3558 435 3625 Ut
448 3556 607 3640 timeam,
620 3551 836 3649 doleamque,
854 3579 937 3650 rogo
956 3582 964 3624 :
980 3555 1039 3625 sed
1056 3581 1161 3650 quum
1175 3555 1289 3627 oscula
1303 3573 1439 3654 rumpet

386 3676 507 3744 Moesta
526 3675 613 3760 dies,
632 3699 740 3768 quum
759 3700 862 3746 rauca
877 3677 1009 3747 dabunt
1029 3678 1232 3748 abeuntibus
1249 3681 1354 3749 armis

385 3795 488 3888 Signa
508 3794 615 3884 tube,
632 3820 786 3891 saevoque
803 3821 905 3892 genas
921 3797 1091 3894 fulgebitis
1110 3825 1215 3888 auro,

385 3917 448 3984 Hei
465 3912 568 3984 mihi!
591 3941 667 3986 care
684 3942 827 4011 parens,
846 3921 971 3989 iterum
991 3920 1131 3990 fortasse
1144 3922 1286 4017 rogaho.
1300 3953 1318 3986 s

433 4034 528 4104 Illius
546 4038 699 4107 humenti
717 4062 858 4133 carpens
876 4055 973 4134 pater
993 4040 1109 4110 oscula
1129 4040 1245 4135 vultui,

385 4187 402 4220 e
417 4159 498 4228 Nou
517 4157 673 4252 equidem
693 4160 753 4230 has
773 4185 923 4254 unquam
941 4159 1127 4256 sulpeum,
1145 4176 1222 4232 nata
1232 4214 1244 4252 ‚
1262 4164 1439 4258 querelas:
