3172 5142
398 491 435 547 lto
710 488 923 545 THEMIDOS
943 486 1053 542 LIBER
1074 486 1123 540 Vl.

400 613 577 699 Culmina,
598 637 658 682 ceu
677 611 750 682 latre
770 611 951 681 tremefecit
969 609 1057 680 mole
1075 611 1190 678 ruinae.

391 781 394 790 ·
448 729 558 822 Quale
574 731 763 826 vaporifera
783 756 901 834 saxum
919 730 1144 824 Polyphemus
1161 729 1204 798 ab
1222 731 1327 798 AEtna

399 854 500 923 Lucis
519 867 639 947 egente
659 877 782 937 manu,
801 866 910 921 tamen
933 853 967 919 in
985 853 1125 946 vestigia
1142 851 1263 945 puppis

399 973 546 1060 Auditae,
563 971 726 1066 juxtaque
744 973 918 1042 inimicum
937 972 1047 1066 exegit
1066 969 1200 1039 Ulixen.

399 1094 454 1162 Sic
474 1107 508 1161 et
527 1090 671 1181 Aloidae,
692 1117 798 1186 quum
812 1093 884 1185 jam
903 1090 1026 1160 celaret
1042 1089 1224 1186 Olympum

398 1216 552 1307 Desuper
568 1213 663 1281 Ossa'
674 1213 805 1306 rigens,
824 1213 933 1306 ipsum
952 1209 1091 1306 glaciale
1110 1208 1260 1280 ferebant

305 1339 306 1342 ’
399 1331 534 1421 Pelion,
550 1347 584 1401 at
598 1332 729 1426 trepido
747 1333 928 1428 sperabant
942 1332 1083 1427 jungere
1097 1329 1191 1400 coslo.

447 1457 543 1523 Tunc
565 1453 696 1547 genitus
714 1452 819 1522 Talao
841 1454 961 1522 victori
979 1454 1081 1548 tigrin
1102 1453 1237 1522 inanem

398 1578 452 1643 Ire
463 1573 579 1667 jubet,
596 1572 692 1643 fulvo
713 1599 786 1667 quae
804 1572 1005 1642 circumfusa
1023 1573 1150 1642 nitebat

398 1698 572 1792 Margine,
590 1710 624 1765 et
643 1710 810 1764 extremos
827 1718 910 1763 auro
928 1708 1161 1764 mansueverat
1179 1718 1320 1788 ungues.

1345 485 1383 544 (v.
1397 481 1466 543 71⁵.)

399 1818 601 1886 Gnossiacos
623 1840 720 1884 arcus
739 1815 858 1898 habet,
880 1829 913 1883 et
931 1839 1017 1909 vaga
1037 1813 1101 1884 tela
1120 1813 1351 1883 Menestheus.

401 1965 419 2000 «ι
431 1939 476 2006 At
494 1937 573 2025 tibi,
595 1937 660 2022 ait,
682 1933 851 2030 Plrlegya,
868 1959 947 2004 casu
967 1935 1123 2004 fmstrate
1144 1935 1296 2021 sinistro,

400 2060 517 2144 Hunc,
537 2054 706 2149 quondam
725 2057 831 2124 nostri
850 2054 968 2144 decuS,
986 2053 1215 2148 auxiliumque
1229 2052 1385 2150 Pelasgi,

400 2181 501 2246 Ferre
516 2175 651 2262 damus,
667 2176 876 2268 nequeenim
889 2173 1126 2270 Hippomedon
1136 2174 1310 2262 inviderit,
1325 2199 1451 2244 ensem

450 2325 466 2358 a
478 2298 578 2366 Nunc
597 2318 682 2389 opus
701 2310 752 2363 est
770 2296 889 2364 animis
908 2293 1045 2364 infestos
1064 2294 1183 2367 tollere
1201 2309 1321 2364 castus

401 2418 586 2488 Cominus:
605 2417 677 2485 haeo
697 2413 791 2484 bellis
808 2430 842 2486 et
857 2415 947 2483 ferro
962 2417 1115 2510 proxima
1136 2418 1283 2486 virtus.»

400 2537 560 2606 Constitit
577 2537 732 2604 immanis
750 2537 861 2623 cerni,
881 2536 1102 2629 immanisque
1124 2537 1249 2623 teneri,

403 2653 579 2752 Argolicus
597 2658 799 2750 Capaneus:
820 2680 860 2725 ac
879 2655 960 2725 dum
980 2659 1149 2751 nigrantia
1168 2657 1307 2752 plumbo

399 2777 561 2871 Tegmina
579 2774 684 2864 cruda
702 2774 821 2863 boum,
843 2801 911 2844 non
928 2773 1060 2845 mollior
1079 2777 1167 2870 ipse,
1186 2775 1317 2846 lacertis

401 2894 556 2963 Induitur
574 2920 582 2963 :
603 2897 717 2964 «Date
733 2909 783 2963 tot
796 2895 957 2987 juvenum
976 2894 1018 2964 de
1033 2895 1179 2964 millibus
1198 2921 1304 2966 unum

402 3019 495 3101 Huc,
517 3017 578 3102 ait3
597 3030 698 3108 atque
715 3017 845 3084 utinam
863 3017 974 3112 potius
995 3016 1036 3085 de
1056 3019 1159 3110 stirpe
1179 3018 1309 3086 veniret

403 3133 555 3204 AEmulus
574 3137 701 3220 Aonia,
722 3161 820 3229 quem
839 3135 888 3204 fas
908 3135 1083 3206 demittere
1103 3136 1188 3206 leto:

401 3257 473 3324 Nec
490 3280 563 3323 mea
584 3256 728 3324 crudelis
747 3254 836 3324 civili
854 3258 1015 3351 sanguine
1033 3258 1179 3328 virtus.»

402 3374 615 3468 Obstupuere
633 3377 753 3463 animi,
772 3375 916 3468 lecitque
937 3374 1069 3447 silentia
1090 3393 1208 3447 terror.

450 3493 599 3562 Tandem
618 3497 807 3589 insperatus
825 3494 916 3564 nuda
937 3495 978 3566 de
995 3495 1094 3591 plebe
1110 3502 1284 3568 laconum

403 3611 536 3682 Prosilit
556 3613 741 3684 Alcidamas
761 3641 768 3682 :
787 3617 951 3685 mirantur
968 3618 1092 3687 Dorica
1112 3643 1229 3712 regum

405 3737 570 3829 Agmina:
589 3734 648 3804 sed
669 3736 749 3804 soc-ii
767 3735 888 3806 fretum
908 3736 1043 3808 Polluce
1058 3733 1217 3833 magistro

403 3855 553 3942 Norant,
573 3869 607 3923 et
623 3879 733 3926 sacras
754 3857 843 3925 in'ter
862 3858 1005 3927 crevisse
1023 3857 1203 3954 palaestras.

304 3983 305 3986 ’
403 3977 478 4066 Ipse
498 3979 589 4044 Deus
607 3977 784 4068 posuitque
804 4001 940 4065 manus,
959 3993 993 4046 et
1011 3979 1152 4050 brachia·
1167 3979 1264 4050 finxit

404 4093 581 4162 Materiam
599 4094 775 4191 (suadebat
793 4095 932 4193 amor):
955 4112 1035 4168 tunc
1057 4125 1142 4194 saepe
1163 4099 1283 4170 locavit
