3206 5136
429 496 464 552 ιθ
729 493 945 550 autumnos
966 493 1079 550 mauu
1108 496 1148 550 tv
1367 491 1399 554 (ἰ
1410 491 1480 552 ⁵⁰t·l

424 623 571 695 hudior?
587 647 631 692 an
651 622 768 691 rabido
786 621 903 714 jubeat
919 622 946 689 si
968 620 1125 690 Thessala
1146 634 1248 690 cantu

424 743 541 814 lbitis?
560 757 594 812 et
610 743 774 835 Scythicis
792 742 924 834 quoties
940 756 1069 810 armata
1089 743 1225 810 venenis

423 863 560 934 Colchis
578 878 673 958 aget,
694 861 826 958 trepido
842 860 1017 956 pallebunt
1035 864 1177 931 Tartara
1195 861 1314 931 motu?
1358 905 1361 910 ι

424 985 540 1055 Nostri
559 1009 641 1055 cura
661 985 790 1070 minor,
809 983 838 1051 si
857 1007 926 1050 non
949 981 1105 1051 attollere
1126 983 1233 1053 bustis

407 1110 594 1201 'Corpora,
613 1129 675 1174 nec
696 1103 813 1200 plenas
830 1103 979 1196 antiquis
997 1104 1129 1172 ossibus
1149 1129 1251 1172 urnas

423 1230 586 1322 Egerere,
605 1240 639 1294 et
658 1226 782 1294 mixtos
801 1220 944 1317 coelique
961 1225 1131 1318 Erebique
1152 1227 1214 1294 sub
1234 1249 1342 1294 unum

422 1353 450 1418 F
452 1361 607 1416 unestare
628 1350 720 1417 Deos
738 1344 840 1432 libet,
865 1359 926 1414 aut
943 1347 1124 1440 exsanguia
1146 1345 1236 1416 ferro

423 1473 493 1539 Ora
513 1469 623 1562 sequi,
640 1473 700 1537 aul
716 1491 821 1562 aegras
839 1466 1036 1536 functorum
1052 1491 1190 1561 carpere
1208 1466 1329 1536 fibras?

423 1591 477 1659 Ne
496 1604 613 1659 tenues
631 1613 754 1672 annos,
776 1589 969 1682 nubemque
987 1589 1077 1658 hanc
1097 1588 1221 1658 frontis
1236 1613 1368 1683 opacae,

422 1701 578 1808 Speruite
595 1733 653 1794 ue,
671 1733 815 1796 moneo,
833 1723 867 1778 et
888 1709 985 1778 nobis
1004 1712 1118 1779 saevire
1133 1708 1285 1780 facultas.

424 1833 557 1901 Scimus
576 1831 667 1900 enim
689 1843 723 1898 et
741 1827 909 1924 quidquid
929 1830 1013 1917 dici,
1031 1833 1193 1924 noscique
1213 1834 1356 1916 timetis,

422 1956 467 2022 Et
483 1953 619 2021 turbare
637 1955 807 2038 Hecaten,
828 1954 864 2019 ni
881 1967 934 2038 te,
955 1953 1173 2046 Thymbraeo,
1194 1978 1329 2022 vererer
1349 1979 1357 2021 ι

422 2077 467 2144 Et
484 2071 625 2168 triplicis
644 2072 762 2141 mundi
781 2097 968 2158 summum,
986 2098 1088 2167 quem
1106 2077 1190 2144 scire
1205 2073 1372 2144 nefastum
1385 2089 1457 2142 est:

421 2192 523 2262 Illum
543 2191 601 2263 sed
619 2208 713 2262 taceo
733 2218 740 2260 :
762 2193 920 2286 prohibet
938 2192 1119 2287 tranquilla
1138 2209 1301 2264 senectus.

421 2319 564 2407 Jamque
582 2337 644 2408 ego
667 2310 784 2382 vos....!
804 2343 821 2378 u
840 2313 947 2383 hvide
966 2316 1088 2384 subicit
1110 2317 1266 2386 Phoebeia
1285 2319 1425 2386 Manto:

421 2466 438 2500 α
454 2434 607 2522 Audiris,
627 2435 775 2528 genitor,
792 2433 982 2528 vulgusque
1004 2460 1172 2531 exsangue
1191 2441 1406 2532 propinquat.

420 2556 586 2626 Panditur
607 2554 758 2650 Elysium
773 2556 902 2644 Chaos,
922 2573 956 2626 et
974 2555 1105 2627 telluris
1126 2575 1251 2653 opertae

420 2677 550 2746 Dissilit
569 2677 688 2770 umbra
709 2701 834 2771 capax,
854 2675 1031 2771 silvaeque,
1049 2693 1083 2747 et
1101 2681 1198 2774 nigra
1217 2695 1393 2775 patescunt

420 2798 592 2885 Flumina,
611 2797 752 2866 liventes
770 2798 927 2867 Acheron
947 2800 1070 2892 ejectat
1088 2825 1217 2870 arenas.

421 2920 582 2989 Fumidus
601 2935 675 2988 atra
690 2919 784 2987 vadis
802 2918 1014 3014 Phlegethon
1037 2923 1192 2992 incendia
1213 2924 1335 3012 volvit,

420 3047 465 3111 Et
484 3046 564 3137 Styx
582 3041 733 3110 discretis
749 3041 907 3110 interflua
923 3043 1084 3113 Manibus
1101 3046 1224 3114 obstat.

422 3167 538 3257 Ipsum
557 3162 739 3259 pallentem
762 3160 863 3250 solio,
884 3165 1080 3259 circumque
1097 3167 1266 3236 ministras

420 3287 646 3353 Funestorum
664 3308 806 3377 operum
822 3285 1043 3371 Eumenides,
1062 3289 1252 3382 Stygiaeque
1273 3314 1404 3358 severos

420 3407 564 3474 lunonis
583 3403 767 3492 thalamos,
784 3419 818 3473 et
836 3421 953 3474 moesta
973 3405 1098 3475 cubilia
1117 3435 1228 3479 cerno.

422 3532 463 3595 In
480 3524 625 3620 speculis
646 3527 741 3594 Mors
762 3539 835 3594 atra
853 3526 963 3615 sedet,
981 3527 1195 3625 dominisque
1216 3531 1350 3604 silentes

422 3655 636 3718 Annumerat
654 3646 799 3740 populos
819 3674 827 3716 :
850 3650 958 3742 major
977 3654 1203 3743 supereminet
1220 3652 1316 3722 ordo.

421 3769 558 3838 Arbiter
576 3770 639 3837 hos
655 3765 741 3836 dura
759 3783 870 3837 versat
888 3772 1076 3863 Gortynius
1097 3797 1199 3860 urna,

422 3893 512 3961 Vera
530 3889 632 3958 minis
654 3914 809 3982 poscens,
828 3889 1001 3986 adigitque
1022 3916 1219 3986 expromere
1238 3897 1324 3964 vitas

423 4015 538 4105 Usque
559 4026 671 4096 retro,
691 4024 725 4078 et
747 4011 883 4080 tandem
902 4037 1080 4105 poenarum
1101 4013 1195 4083 lucra
1216 4015 1324 4086 lateri.

422 4131 517 4220 Quid
537 4131 600 4198 tibi
622 4145 772 4200 monstra
792 4133 910 4220 Erebi,
931 4132 1075 4226 Scyllas,
1098 4148 1132 4203 et
1149 4137 1250 4206 inane
1271 4139 1418 4209 firrentes
