<?xml version="1.0" encoding="UTF-8"?>
<!DOCTYPE html PUBLIC "-//W3C//DTD XHTML 1.0 Transitional//EN"
    "http://www.w3.org/TR/xhtml1/DTD/xhtml1-transitional.dtd">
<html xmlns="http://www.w3.org/1999/xhtml" xml:lang="en" lang="en">
 <head>
  <title>
</title>
<meta http-equiv="Content-Type" content="text/html;charset=utf-8" />
  <meta name='ocr-system' content='tesseract 3.04.00' />
  <meta name='ocr-capabilities' content='ocr_page ocr_carea ocr_par ocr_line ocrx_word'/>
</head>
<body>
  <div class='ocr_page' id='page_1' title='image "./operaquaeextant00dbgoog_0556.png"; bbox 0 0 3094 5140; ppageno 0'>
   <div class='ocr_carea' id='block_1_1' title="bbox 85 405 1146 518">
    <p class='ocr_par' dir='ltr' id='par_1_1' title="bbox 85 405 1146 518">
     <span class='ocr_line' id='line_1_1' title="bbox 85 405 1146 518; baseline 0.006 -22"><span class='ocrx_word' id='word_1_1' title='bbox 85 448 123 509; x_wconf 68' lang='grc' dir='ltr'>(ι.</span> <span class='ocrx_word' id='word_1_2' title='bbox 137 445 210 511; x_wconf 72' lang='lat' dir='ltr'>ass.)</span> <span class='ocrx_word' id='word_1_3' title='bbox 395 443 611 502; x_wconf 81' lang='lat' dir='ltr'>rnnmmos</span> <span class='ocrx_word' id='word_1_4' title='bbox 634 405 745 502; x_wconf 78' lang='lat' dir='ltr'>nmen</span> <span class='ocrx_word' id='word_1_5' title='bbox 767 445 821 502; x_wconf 81' lang='lat' dir='ltr'>xi.</span> <span class='ocrx_word' id='word_1_6' title='bbox 1091 465 1146 518; x_wconf 57' lang='grc' dir='ltr'>αι,</span> 
     </span>
    </p>
   </div>
   <div class='ocr_carea' id='block_1_2' title="bbox 87 544 1175 3946">
    <p class='ocr_par' dir='ltr' id='par_1_2' title="bbox 87 544 1175 3946">
     <span class='ocr_line' id='line_1_2' title="bbox 89 544 912 670; baseline -0.011 -24"><span class='ocrx_word' id='word_1_7' title='bbox 89 544 396 670; x_wconf 45' lang='lat' dir='ltr'>Antigone&#39;iurata</span> <span class='ocrx_word' id='word_1_8' title='bbox 414 566 559 665; x_wconf 82' lang='lat' dir='ltr'>gradus,</span> <span class='ocrx_word' id='word_1_9' title='bbox 577 593 639 639; x_wconf 88' lang='lat' dir='ltr'>neo</span> <span class='ocrx_word' id='word_1_10' title='bbox 655 584 746 638; x_wconf 87' lang='lat' dir='ltr'>casta</span> <span class='ocrx_word' id='word_1_11' title='bbox 764 567 912 639; x_wconf 85' lang='lat' dir='ltr'>retardat</span> 
     </span>
     <span class='ocr_line' id='line_1_3' title="bbox 87 685 867 790; baseline -0.009 -26"><span class='ocrx_word' id='word_1_12' title='bbox 87 695 303 790; x_wconf 75' lang='lat' dir='ltr'>Virginitas,</span> <span class='ocrx_word' id='word_1_13' title='bbox 323 688 416 760; x_wconf 85' lang='lat' dir='ltr'>volat</span> <span class='ocrx_word' id='word_1_14' title='bbox 435 690 557 786; x_wconf 82' lang='lat' dir='ltr'>Ogygii</span> <span class='ocrx_word' id='word_1_15' title='bbox 575 688 816 786; x_wconf 85' lang='lat' dir='ltr'>fastigiamuri</span> <span class='ocrx_word' id='word_1_16' title='bbox 840 685 842 690; x_wconf 69' lang='grc'><strong>’</strong></span> <span class='ocrx_word' id='word_1_17' title='bbox 865 707 867 710; x_wconf 82' lang='grc'><em>·</em></span> 
     </span>
     <span class='ocr_line' id='line_1_4' title="bbox 87 812 952 909; baseline -0.006 -22"><span class='ocrx_word' id='word_1_18' title='bbox 87 820 301 909; x_wconf 82' lang='lat' dir='ltr'>Exsuperare</span> <span class='ocrx_word' id='word_1_19' title='bbox 320 812 434 881; x_wconf 83' lang='lat' dir='ltr'>furens</span> <span class='ocrx_word' id='word_1_20' title='bbox 453 813 593 882; x_wconf 79' lang='lat' dir='ltr'>:senior</span> <span class='ocrx_word' id='word_1_21' title='bbox 607 835 718 881; x_wconf 85' lang='lat' dir='ltr'>eomes</span> <span class='ocrx_word' id='word_1_22' title='bbox 737 813 841 882; x_wconf 83' lang='lat' dir='ltr'>haeret</span> <span class='ocrx_word' id='word_1_23' title='bbox 859 815 952 882; x_wconf 89' lang='lat' dir='ltr'>eunti</span> 
     </span>
     <span class='ocr_line' id='line_1_5' title="bbox 89 927 1047 1034; baseline -0.006 -26"><span class='ocrx_word' id='word_1_24' title='bbox 89 943 210 1024; x_wconf 81' lang='lat' dir='ltr'>Actor,</span> <span class='ocrx_word' id='word_1_25' title='bbox 229 950 264 1004; x_wconf 92' lang='lat' dir='ltr'>et</span> <span class='ocrx_word' id='word_1_26' title='bbox 281 935 337 1004; x_wconf 89' lang='lat' dir='ltr'>hic</span> <span class='ocrx_word' id='word_1_27' title='bbox 354 957 508 1004; x_wconf 88' lang='lat' dir='ltr'>summas·</span> <span class='ocrx_word' id='word_1_28' title='bbox 520 957 595 1004; x_wconf 87' lang='lat' dir='ltr'>non·</span> <span class='ocrx_word' id='word_1_29' title='bbox 609 932 791 1034; x_wconf 80' lang='lat' dir='ltr'>duraturus</span> <span class='ocrx_word' id='word_1_30' title='bbox 809 933 853 1003; x_wconf 91' lang='lat' dir='ltr'>ad</span> <span class='ocrx_word' id='word_1_31' title='bbox 871 927 974 1003; x_wconf 84' lang='lat' dir='ltr'>arces.</span> <span class='ocrx_word' id='word_1_32' title='bbox 1044 993 1047 1002; x_wconf 84' lang='grc'><em>,</em></span> 
     </span>
     <span class='ocr_line' id='line_1_6' title="bbox 90 1052 991 1153; baseline -0.003 -24"><span class='ocrx_word' id='word_1_33' title='bbox 90 1062 212 1153; x_wconf 92' lang='lat' dir='ltr'>thue</span> <span class='ocrx_word' id='word_1_34' title='bbox 228 1055 347 1153; x_wconf 85' lang='lat' dir='ltr'>procul</span> <span class='ocrx_word' id='word_1_35' title='bbox 364 1057 444 1126; x_wconf 79' lang='lat' dir='ltr'>visis</span> <span class='ocrx_word' id='word_1_36' title='bbox 463 1052 614 1150; x_wconf 84' lang='lat' dir='ltr'>paullum</span> <span class='ocrx_word' id='word_1_37' title='bbox 631 1054 798 1127; x_wconf 85' lang='lat' dir='ltr'>dubitavit</span> <span class='ocrx_word' id='word_1_38' title='bbox 817 1053 991 1143; x_wconf 69' lang='lat' dir='ltr'>inarmis,</span> 
     </span>
     <span class='ocr_line' id='line_1_7' title="bbox 91 1167 1054 1283; baseline -0.004 -31"><span class='ocrx_word' id='word_1_39' title='bbox 91 1181 312 1277; x_wconf 77' lang='lat' dir='ltr'>Agnovitqne</span> <span class='ocrx_word' id='word_1_40' title='bbox 328 1177 442 1274; x_wconf 82' lang='lat' dir='ltr'>(nefas</span> <span class='ocrx_word' id='word_1_41' title='bbox 452 1175 483 1273; x_wconf 75' lang='lat' dir='ltr'>i)</span> <span class='ocrx_word' id='word_1_42' title='bbox 498 1176 618 1272; x_wconf 81' lang='lat' dir='ltr'>jaculis</span> <span class='ocrx_word' id='word_1_43' title='bbox 635 1192 669 1247; x_wconf 90' lang='lat' dir='ltr'>et</span> <span class='ocrx_word' id='word_1_44' title='bbox 685 1176 935 1283; x_wconf 85' lang='lat' dir='ltr'>vocesuperbn</span> <span class='ocrx_word' id='word_1_45' title='bbox 1051 1167 1054 1172; x_wconf 37' lang='lat'>⁵</span> 
     </span>
     <span class='ocr_line' id='line_1_8' title="bbox 91 1299 996 1396; baseline -0.004 -22"><span class='ocrx_word' id='word_1_46' title='bbox 91 1306 198 1374; x_wconf 85' lang='lat' dir='ltr'>Tecta</span> <span class='ocrx_word' id='word_1_47' title='bbox 218 1303 458 1389; x_wconf 68' lang='lat' dir='ltr'>incessentem,</span> <span class='ocrx_word' id='word_1_48' title='bbox 473 1325 596 1396; x_wconf 86' lang='lat' dir='ltr'>magno</span> <span class='ocrx_word' id='word_1_49' title='bbox 609 1299 706 1395; x_wconf 75' lang='lat' dir='ltr'>&#39;prius</span> <span class='ocrx_word' id='word_1_50' title='bbox 725 1302 841 1370; x_wconf 89' lang='lat' dir='ltr'>omnia</span> <span class='ocrx_word' id='word_1_51' title='bbox 857 1299 996 1396; x_wconf 84' lang='lat' dir='ltr'>planctu</span> 
     </span>
     <span class='ocr_line' id='line_1_9' title="bbox 92 1407 943 1520; baseline -0.004 -25"><span class='ocrx_word' id='word_1_52' title='bbox 92 1424 234 1520; x_wconf 82' lang='lat' dir='ltr'><strong>Implet,</strong></span> <span class='ocrx_word' id='word_1_53' title='bbox 249 1438 284 1494; x_wconf 91' lang='lat' dir='ltr'>et</span> <span class='ocrx_word' id='word_1_54' title='bbox 302 1449 320 1494; x_wconf 91' lang='lat' dir='ltr'>e</span> <span class='ocrx_word' id='word_1_55' title='bbox 340 1423 445 1492; x_wconf 82' lang='lat' dir='ltr'>muris</span> <span class='ocrx_word' id='word_1_56' title='bbox 466 1423 527 1492; x_wconf 81' lang='lat' dir='ltr'>ce&#39;u</span> <span class='ocrx_word' id='word_1_57' title='bbox 545 1407 743 1492; x_wconf 81' lang='lat' dir='ltr'>deseensura</span> <span class='ocrx_word' id='word_1_58' title='bbox 762 1415 917 1519; x_wconf 86' lang='lat' dir='ltr'>profatur</span> <span class='ocrx_word' id='word_1_59' title='bbox 935 1449 943 1492; x_wconf 75' lang='grc' dir='ltr'><strong>ε</strong></span> 
     </span>
     <span class='ocr_line' id='line_1_10' title="bbox 131 1535 1148 1640; baseline 0.001 -28"><span class='ocrx_word' id='word_1_60' title='bbox 131 1541 766 1640; x_wconf 77' lang='lat' dir='ltr'>«Comprimetelamanu&#39;,pnnllumqne</span> <span class='ocrx_word' id='word_1_61' title='bbox 776 1543 863 1614; x_wconf 90' lang='lat' dir='ltr'>bane</span> <span class='ocrx_word' id='word_1_62' title='bbox 873 1544 1007 1639; x_wconf 85' lang='lat' dir='ltr'>adspice</span> <span class='ocrx_word' id='word_1_63' title='bbox 1015 1535 1148 1633; x_wconf 90' lang='lat' dir='ltr'>turrim,</span> 
     </span>
     <span class='ocr_line' id='line_1_11' title="bbox 96 1655 1131 1758; baseline -0.002 -22"><span class='ocrx_word' id='word_1_64' title='bbox 96 1671 227 1752; x_wconf 82' lang='lat' dir='ltr'><strong>Frater,</strong></span> <span class='ocrx_word' id='word_1_65' title='bbox 244 1681 278 1736; x_wconf 89' lang='lat' dir='ltr'>et</span> <span class='ocrx_word' id='word_1_66' title='bbox 297 1665 471 1758; x_wconf 79' lang='lat' dir='ltr'>horrentes</span> <span class='ocrx_word' id='word_1_67' title='bbox 492 1663 578 1734; x_wconf 81' lang='lat' dir='ltr'>refer</span> <span class='ocrx_word' id='word_1_68' title='bbox 596 1665 631 1732; x_wconf 95' lang='lat' dir='ltr'>in</span> <span class='ocrx_word' id='word_1_69' title='bbox 648 1689 722 1734; x_wconf 85' lang='lat' dir='ltr'>mea</span> <span class='ocrx_word' id='word_1_70' title='bbox 738 1663 867 1744; x_wconf 85' lang='lat' dir='ltr'>lumina</span> <span class='ocrx_word' id='word_1_71' title='bbox 882 1667 1009 1736; x_wconf 87' lang='lat' dir='ltr'>cristas.</span> <span class='ocrx_word' id='word_1_72' title='bbox 1045 1655 1050 1662; x_wconf 63' lang='grc'>’</span> <span class='ocrx_word' id='word_1_73' title='bbox 1128 1737 1131 1744; x_wconf 73' lang='grc'>,</span> 
     </span>
     <span class='ocr_line' id='line_1_12' title="bbox 97 1783 971 1882; baseline -0.002 -25"><span class='ocrx_word' id='word_1_74' title='bbox 97 1788 306 1882; x_wconf 83' lang='lat' dir='ltr'>Agnoscisne</span> <span class='ocrx_word' id='word_1_75' title='bbox 320 1783 457 1855; x_wconf 73' lang='lat' dir='ltr'>hostes?</span> <span class='ocrx_word' id='word_1_76' title='bbox 471 1787 520 1854; x_wconf 87' lang='lat' dir='ltr'>sic</span> <span class='ocrx_word' id='word_1_77' title='bbox 538 1785 651 1854; x_wconf 86' lang='lat' dir='ltr'>annua</span> <span class='ocrx_word' id='word_1_78' title='bbox 666 1798 785 1879; x_wconf 86' lang='lat' dir='ltr'>pacta,</span> <span class='ocrx_word' id='word_1_79' title='bbox 804 1785 971 1880; x_wconf 87' lang='lat' dir='ltr'>fidemque</span> 
     </span>
     <span class='ocr_line' id='line_1_13' title="bbox 98 1903 1072 2000; baseline -0.003 -23"><span class='ocrx_word' id='word_1_80' title='bbox 98 1905 296 1977; x_wconf 79' lang='lat' dir='ltr'>Poscimus?</span> <span class='ocrx_word' id='word_1_81' title='bbox 312 1908 349 1976; x_wconf 93' lang='lat' dir='ltr'>hi</span> <span class='ocrx_word' id='word_1_82' title='bbox 366 1903 528 2000; x_wconf 84' lang='lat' dir='ltr'>questus?</span> <span class='ocrx_word' id='word_1_83' title='bbox 545 1907 616 1975; x_wconf 85' lang='lat' dir='ltr'>haec</span> <span class='ocrx_word' id='word_1_84' title='bbox 633 1920 684 1975; x_wconf 88' lang='lat' dir='ltr'>est</span> <span class='ocrx_word' id='word_1_85' title='bbox 703 1905 911 1976; x_wconf 59' lang='lat' dir='ltr'>bona‘causa</span> <span class='ocrx_word' id='word_1_86' title='bbox 930 1907 1072 1977; x_wconf 84' lang='lat' dir='ltr'>modesti</span> 
     </span>
     <span class='ocr_line' id='line_1_14' title="bbox 100 2021 1030 2123; baseline -0.002 -24"><span class='ocrx_word' id='word_1_87' title='bbox 100 2027 254 2099; x_wconf 81' lang='lat' dir='ltr'>Exsulis?</span> <span class='ocrx_word' id='word_1_88' title='bbox 271 2025 446 2123; x_wconf 78' lang='lat' dir='ltr'>Argolicos</span> <span class='ocrx_word' id='word_1_89' title='bbox 463 2051 525 2122; x_wconf 90' lang='lat' dir='ltr'>per</span> <span class='ocrx_word' id='word_1_90' title='bbox 542 2042 593 2114; x_wconf 90' lang='lat' dir='ltr'>te,</span> <span class='ocrx_word' id='word_1_91' title='bbox 612 2049 788 2121; x_wconf 83' lang='lat' dir='ltr'>germane,</span> <span class='ocrx_word' id='word_1_92' title='bbox 809 2021 944 2122; x_wconf 77' lang='lat' dir='ltr'>penates</span> <span class='ocrx_word' id='word_1_93' title='bbox 1026 2099 1030 2108; x_wconf 74' lang='grc'><em>,</em></span> 
     </span>
     <span class='ocr_line' id='line_1_15' title="bbox 99 2127 1079 2244; baseline 0.003 -30"><span class='ocrx_word' id='word_1_94' title='bbox 99 2160 114 2244; x_wconf 66' lang='lat' dir='ltr'>t</span> <span class='ocrx_word' id='word_1_95' title='bbox 125 2149 211 2218; x_wconf 87' lang='lat' dir='ltr'>Nam</span> <span class='ocrx_word' id='word_1_96' title='bbox 229 2151 338 2244; x_wconf 84' lang='lat' dir='ltr'>Tyriis</span> <span class='ocrx_word' id='word_1_97' title='bbox 356 2150 426 2244; x_wconf 87' lang='lat' dir='ltr'>jam</span> <span class='ocrx_word' id='word_1_98' title='bbox 437 2146 558 2217; x_wconf 67' lang='lat' dir='ltr'>‘nullus</span> <span class='ocrx_word' id='word_1_99' title='bbox 575 2145 726 2243; x_wconf 78' lang='lat' dir='ltr'>honos),</span> <span class='ocrx_word' id='word_1_100' title='bbox 746 2171 807 2242; x_wconf 90' lang='lat' dir='ltr'>per</span> <span class='ocrx_word' id='word_1_101' title='bbox 827 2127 955 2242; x_wconf 79' lang='lat' dir='ltr'>siquid</span> <span class='ocrx_word' id='word_1_102' title='bbox 969 2152 1005 2217; x_wconf 95' lang='lat' dir='ltr'>in</span> <span class='ocrx_word' id='word_1_103' title='bbox 1024 2146 1079 2217; x_wconf 87' lang='lat' dir='ltr'>ilia</span> 
     </span>
     <span class='ocr_line' id='line_1_16' title="bbox 100 2267 1175 2364; baseline -0.004 -22"><span class='ocrx_word' id='word_1_104' title='bbox 100 2269 209 2342; x_wconf 87' lang='lat' dir='ltr'>Dulce</span> <span class='ocrx_word' id='word_1_105' title='bbox 226 2269 522 2359; x_wconf 87' lang='lat' dir='ltr'>domo,·snbr&#39;nitte</span> <span class='ocrx_word' id='word_1_106' title='bbox 544 2269 698 2339; x_wconf 89' lang='lat' dir='ltr'>animos:</span> <span class='ocrx_word' id='word_1_107' title='bbox 718 2290 759 2338; x_wconf 91' lang='lat' dir='ltr'>en</span> <span class='ocrx_word' id='word_1_108' title='bbox 780 2282 924 2363; x_wconf 87' lang='lat' dir='ltr'>utraque</span> <span class='ocrx_word' id='word_1_109' title='bbox 940 2271 1048 2364; x_wconf 89' lang='lat' dir='ltr'>gentis</span> <span class='ocrx_word' id='word_1_110' title='bbox 1173 2267 1175 2270; x_wconf 68' lang='grc'><strong>’</strong></span> 
     </span>
     <span class='ocr_line' id='line_1_17' title="bbox 100 2383 1048 2487; baseline -0.002 -26"><span class='ocrx_word' id='word_1_111' title='bbox 100 2394 216 2461; x_wconf 85' lang='lat' dir='ltr'>Turba</span> <span class='ocrx_word' id='word_1_112' title='bbox 234 2406 377 2487; x_wconf 89' lang='lat' dir='ltr'>rogant,</span> <span class='ocrx_word' id='word_1_113' title='bbox 394 2388 566 2486; x_wconf 81' lang='lat' dir='ltr'>ambaeque</span> <span class='ocrx_word' id='word_1_114' title='bbox 584 2391 671 2461; x_wconf 88' lang='lat' dir='ltr'>acies</span> <span class='ocrx_word' id='word_1_115' title='bbox 689 2415 697 2459; x_wconf 90' lang='lat'><strong>:</strong></span> <span class='ocrx_word' id='word_1_116' title='bbox 717 2404 815 2485; x_wconf 81' lang='lat' dir='ltr'>rogat</span> <span class='ocrx_word' id='word_1_117' title='bbox 832 2383 1048 2461; x_wconf 74' lang='lat' dir='ltr'>illa&#39;suornm</span> 
     </span>
     <span class='ocr_line' id='line_1_18' title="bbox 102 2503 987 2610; baseline 0 -28"><span class='ocrx_word' id='word_1_118' title='bbox 102 2514 273 2608; x_wconf 73' lang='lat' dir='ltr'>Antigone</span> <span class='ocrx_word' id='word_1_119' title='bbox 288 2512 408 2582; x_wconf 87' lang='lat' dir='ltr'>devota</span> <span class='ocrx_word' id='word_1_120' title='bbox 424 2510 542 2600; x_wconf 78' lang='lat' dir='ltr'>malis,</span> <span class='ocrx_word' id='word_1_121' title='bbox 557 2509 776 2608; x_wconf 79' lang='lat' dir='ltr'>suspectaque</span> <span class='ocrx_word' id='word_1_122' title='bbox 794 2513 883 2610; x_wconf 88' lang='lat' dir='ltr'>regi,</span> <span class='ocrx_word' id='word_1_123' title='bbox 985 2503 987 2508; x_wconf 38' lang='lat'><strong>¹</strong></span> 
     </span>
     <span class='ocr_line' id='line_1_19' title="bbox 101 2631 1055 2729; baseline -0.002 -23"><span class='ocrx_word' id='word_1_124' title='bbox 101 2639 146 2706; x_wconf 89' lang='lat' dir='ltr'>Et</span> <span class='ocrx_word' id='word_1_125' title='bbox 163 2650 296 2728; x_wconf 86' lang='lat' dir='ltr'>tantum</span> <span class='ocrx_word' id='word_1_126' title='bbox 312 2648 393 2722; x_wconf 87' lang='lat' dir='ltr'>tua,</span> <span class='ocrx_word' id='word_1_127' title='bbox 410 2633 512 2721; x_wconf 87' lang='lat' dir='ltr'>dure,</span> <span class='ocrx_word' id='word_1_128' title='bbox 527 2658 623 2704; x_wconf 87' lang='lat' dir='ltr'>soror</span> <span class='ocrx_word' id='word_1_129' title='bbox 639 2661 647 2704; x_wconf 77' lang='grc' dir='ltr'><strong>ε</strong></span> <span class='ocrx_word' id='word_1_130' title='bbox 666 2631 783 2705; x_wconf 83' lang='lat' dir='ltr'>saltem</span> <span class='ocrx_word' id='word_1_131' title='bbox 801 2659 861 2705; x_wconf 90' lang='lat' dir='ltr'>ora</span> <span class='ocrx_word' id='word_1_132' title='bbox 878 2650 1055 2729; x_wconf 86' lang='lat' dir='ltr'>truoesque</span> 
     </span>
     <span class='ocr_line' id='line_1_20' title="bbox 102 2747 956 2853; baseline 0.002 -28"><span class='ocrx_word' id='word_1_133' title='bbox 102 2753 202 2825; x_wconf 89' lang='lat' dir='ltr'>Solve</span> <span class='ocrx_word' id='word_1_134' title='bbox 218 2780 319 2851; x_wconf 89' lang='lat' dir='ltr'>genas</span> <span class='ocrx_word' id='word_1_135' title='bbox 334 2781 342 2824; x_wconf 91' lang='lat'><strong>:</strong></span> <span class='ocrx_word' id='word_1_136' title='bbox 358 2754 457 2825; x_wconf 82' lang='lat' dir='ltr'>liceat</span> <span class='ocrx_word' id='word_1_137' title='bbox 472 2755 587 2826; x_wconf 89' lang='lat' dir='ltr'>vultus</span> <span class='ocrx_word' id='word_1_138' title='bbox 607 2758 746 2827; x_wconf 84' lang='lat' dir='ltr'>sortasse</span> <span class='ocrx_word' id='word_1_139' title='bbox 762 2747 956 2853; x_wconf 85' lang='lat' dir='ltr'>supremum</span> 
     </span>
     <span class='ocr_line' id='line_1_21' title="bbox 102 2874 982 2967; baseline 0.003 -21"><span class='ocrx_word' id='word_1_140' title='bbox 102 2878 250 2946; x_wconf 88' lang='lat' dir='ltr'>Noscere</span> <span class='ocrx_word' id='word_1_141' title='bbox 269 2874 495 2966; x_wconf 77' lang='lat' dir='ltr'>dilectos‚&#39;et,</span> <span class='ocrx_word' id='word_1_142' title='bbox 512 2876 556 2947; x_wconf 91' lang='lat' dir='ltr'>ad</span> <span class='ocrx_word' id='word_1_143' title='bbox 576 2879 647 2948; x_wconf 83' lang='lat' dir='ltr'>haee</span> <span class='ocrx_word' id='word_1_144' title='bbox 664 2877 832 2967; x_wconf 86' lang='lat' dir='ltr'>lamenta,</span> <span class='ocrx_word' id='word_1_145' title='bbox 849 2878 982 2965; x_wconf 88' lang='lat' dir='ltr'>videre,</span> 
     </span>
     <span class='ocr_line' id='line_1_22' title="bbox 103 2993 1040 3098; baseline 0.006 -32"><span class='ocrx_word' id='word_1_146' title='bbox 103 3001 199 3066; x_wconf 79' lang='lat' dir='ltr'>Anne</span> <span class='ocrx_word' id='word_1_147' title='bbox 217 2997 297 3066; x_wconf 88' lang='lat' dir='ltr'>fleas</span> <span class='ocrx_word' id='word_1_148' title='bbox 315 3023 324 3066; x_wconf 79' lang='lat' dir='ltr'><strong><em>z</em></strong></span> <span class='ocrx_word' id='word_1_149' title='bbox 344 2996 440 3068; x_wconf 80' lang='lat' dir='ltr'>illirin</span> <span class='ocrx_word' id='word_1_150' title='bbox 460 2999 586 3094; x_wconf 89' lang='lat' dir='ltr'>gemitu</span> <span class='ocrx_word' id='word_1_151' title='bbox 604 2999 844 3098; x_wconf 82' lang='lat' dir='ltr'>jamsupplice</span> <span class='ocrx_word' id='word_1_152' title='bbox 864 3016 971 3071; x_wconf 82' lang='lat' dir='ltr'>mater</span> <span class='ocrx_word' id='word_1_153' title='bbox 1037 2993 1040 2999; x_wconf 53' lang='grc'>’</span> 
     </span>
     <span class='ocr_line' id='line_1_23' title="bbox 103 3113 954 3212; baseline 0.007 -26"><span class='ocrx_word' id='word_1_154' title='bbox 103 3119 263 3212; x_wconf 82' lang='lat' dir='ltr'>Frangit,</span> <span class='ocrx_word' id='word_1_155' title='bbox 281 3133 316 3188; x_wconf 91' lang='lat' dir='ltr'>et</span> <span class='ocrx_word' id='word_1_156' title='bbox 335 3125 486 3189; x_wconf 84' lang='lat' dir='ltr'>exertum</span> <span class='ocrx_word' id='word_1_157' title='bbox 507 3120 673 3190; x_wconf 80' lang='lat' dir='ltr'>dimittere</span> <span class='ocrx_word' id='word_1_158' title='bbox 691 3121 815 3192; x_wconf 89' lang='lat' dir='ltr'>dicitur</span> <span class='ocrx_word' id='word_1_159' title='bbox 832 3113 954 3192; x_wconf 84' lang='lat' dir='ltr'>ensem.</span> 
     </span>
     <span class='ocr_line' id='line_1_24' title="bbox 104 3235 1057 3340; baseline 0.006 -32"><span class='ocrx_word' id='word_1_160' title='bbox 104 3243 155 3308; x_wconf 90' lang='lat' dir='ltr'>Tu</span> <span class='ocrx_word' id='word_1_161' title='bbox 175 3239 259 3308; x_wconf 91' lang='lat' dir='ltr'>mihi</span> <span class='ocrx_word' id='word_1_162' title='bbox 276 3240 372 3310; x_wconf 88' lang='lat' dir='ltr'>fortis</span> <span class='ocrx_word' id='word_1_163' title='bbox 388 3240 520 3311; x_wconf 81' lang='lat' dir='ltr'>adhuc?</span> <span class='ocrx_word' id='word_1_164' title='bbox 535 3241 636 3333; x_wconf 86' lang='lat' dir='ltr'>niihi,</span> <span class='ocrx_word' id='word_1_165' title='bbox 648 3265 727 3338; x_wconf 79' lang='lat' dir='ltr'>&#39;quae</span> <span class='ocrx_word' id='word_1_166' title='bbox 745 3258 802 3314; x_wconf 87' lang='lat' dir='ltr'>tua</span> <span class='ocrx_word' id='word_1_167' title='bbox 818 3235 918 3314; x_wconf 86' lang='lat' dir='ltr'>nocte</span> <span class='ocrx_word' id='word_1_168' title='bbox 936 3245 1057 3340; x_wconf 88' lang='lat' dir='ltr'>dieque</span> 
     </span>
     <span class='ocr_line' id='line_1_25' title="bbox 104 3345 987 3459; baseline 0.007 -30"><span class='ocrx_word' id='word_1_169' title='bbox 104 3358 228 3429; x_wconf 80' lang='lat' dir='ltr'>Exsiiia</span> <span class='ocrx_word' id='word_1_170' title='bbox 247 3385 444 3456; x_wconf 86' lang='lat' dir='ltr'>erroresque</span> <span class='ocrx_word' id='word_1_171' title='bbox 463 3345 550 3432; x_wconf 82' lang='lat' dir='ltr'>fleo?</span> <span class='ocrx_word' id='word_1_172' title='bbox 563 3356 785 3459; x_wconf 83' lang='lat' dir='ltr'>jamjamque</span> <span class='ocrx_word' id='word_1_173' title='bbox 803 3380 987 3435; x_wconf 89' lang='lat' dir='ltr'>tumentem</span> 
     </span>
     <span class='ocr_line' id='line_1_26' title="bbox 97 3463 1015 3580; baseline 0.007 -30"><span class='ocrx_word' id='word_1_174' title='bbox 97 3463 236 3552; x_wconf 41' lang='lat' dir='ltr'>&#39;‘Plecavi</span> <span class='ocrx_word' id='word_1_175' title='bbox 255 3483 337 3570; x_wconf 90' lang='lat' dir='ltr'>tihi,</span> <span class='ocrx_word' id='word_1_176' title='bbox 354 3476 896 3580; x_wconf 61' lang='lat' dir='ltr'>saeve&#39;,&#39;patrem&#39;:quid&#39;crimine</span> <span class='ocrx_word' id='word_1_177' title='bbox 915 3485 1015 3558; x_wconf 85' lang='lat' dir='ltr'>solvis</span> 
     </span>
     <span class='ocr_line' id='line_1_27' title="bbox 106 3601 1092 3702; baseline 0.008 -33"><span class='ocrx_word' id='word_1_178' title='bbox 106 3601 339 3671; x_wconf 83' lang='lat' dir='ltr'>Germanum?</span> <span class='ocrx_word' id='word_1_179' title='bbox 354 3628 475 3698; x_wconf 88' lang='lat' dir='ltr'>nempe</span> <span class='ocrx_word' id='word_1_180' title='bbox 490 3604 547 3674; x_wconf 90' lang='lat' dir='ltr'>ille</span> <span class='ocrx_word' id='word_1_181' title='bbox 565 3604 664 3675; x_wconf 87' lang='lat' dir='ltr'>fidem</span> <span class='ocrx_word' id='word_1_182' title='bbox 683 3621 717 3676; x_wconf 90' lang='lat' dir='ltr'>et</span> <span class='ocrx_word' id='word_1_183' title='bbox 735 3621 823 3677; x_wconf 87' lang='lat' dir='ltr'>stata</span> <span class='ocrx_word' id='word_1_184' title='bbox 837 3601 962 3678; x_wconf 72' lang='lat' dir='ltr'>federa</span> <span class='ocrx_word' id='word_1_185' title='bbox 980 3609 1092 3702; x_wconf 88' lang='lat' dir='ltr'>rupit,</span> 
     </span>
     <span class='ocr_line' id='line_1_28' title="bbox 105 3709 1013 3820; baseline 0.013 -31"><span class='ocrx_word' id='word_1_186' title='bbox 105 3719 163 3790; x_wconf 87' lang='lat' dir='ltr'>lile</span> <span class='ocrx_word' id='word_1_187' title='bbox 182 3747 323 3814; x_wconf 88' lang='lat' dir='ltr'>nocens,</span> <span class='ocrx_word' id='word_1_188' title='bbox 345 3729 603 3820; x_wconf 75' lang='lat' dir='ltr'>seriusquesuis</span> <span class='ocrx_word' id='word_1_189' title='bbox 621 3755 629 3796; x_wconf 91' lang='lat'>:</span> <span class='ocrx_word' id='word_1_190' title='bbox 649 3744 760 3797; x_wconf 83' lang='lat' dir='ltr'>temen</span> <span class='ocrx_word' id='word_1_191' title='bbox 780 3753 855 3799; x_wconf 88' lang='lat' dir='ltr'>ecce</span> <span class='ocrx_word' id='word_1_192' title='bbox 876 3709 1013 3801; x_wconf 79' lang='lat' dir='ltr'>voratus</span> 
     </span>
     <span class='ocr_line' id='line_1_29' title="bbox 105 3845 1056 3946; baseline 0.009 -34"><span class='ocrx_word' id='word_1_193' title='bbox 105 3845 183 3912; x_wconf 88' lang='lat' dir='ltr'>Non</span> <span class='ocrx_word' id='word_1_194' title='bbox 199 3845 302 3914; x_wconf 86' lang='lat' dir='ltr'>venit.</span> <span class='ocrx_word' id='word_1_195' title='bbox 318 3845 335 3909; x_wconf 58' lang='grc' dir='ltr'><strong>ἡ</strong></span> <span class='ocrx_word' id='word_1_196' title='bbox 354 3847 414 3916; x_wconf 86' lang='lat' dir='ltr'>His</span> <span class='ocrx_word' id='word_1_197' title='bbox 430 3845 581 3941; x_wconf 80' lang='lat' dir='ltr'>paullum</span> <span class='ocrx_word' id='word_1_198' title='bbox 599 3848 693 3920; x_wconf 82' lang='lat' dir='ltr'>furor</span> <span class='ocrx_word' id='word_1_199' title='bbox 710 3847 945 3946; x_wconf 81' lang='lat' dir='ltr'>elanguescere</span> <span class='ocrx_word' id='word_1_200' title='bbox 961 3851 1056 3922; x_wconf 89' lang='lat' dir='ltr'>dictis</span> 
     </span>
    </p>
   </div>
   <div class='ocr_carea' id='block_1_3' title="bbox 106 3961 1152 4186">
    <p class='ocr_par' dir='ltr' id='par_1_3' title="bbox 106 3961 1152 4186">
     <span class='ocr_line' id='line_1_30' title="bbox 106 3961 1152 4070; baseline 0.012 -38"><span class='ocrx_word' id='word_1_201' title='bbox 106 3967 275 4059; x_wconf 84' lang='lat' dir='ltr'>Coeperat,</span> <span class='ocrx_word' id='word_1_202' title='bbox 290 3965 499 4064; x_wconf 86' lang='lat' dir='ltr'>obstreperet</span> <span class='ocrx_word' id='word_1_203' title='bbox 513 3967 705 4067; x_wconf 82' lang='lat' dir='ltr'>quanquam</span> <span class='ocrx_word' id='word_1_204' title='bbox 715 3989 824 4069; x_wconf 83' lang='lat' dir='ltr'>&#39;atque</span> <span class='ocrx_word' id='word_1_205' title='bbox 841 3961 987 4044; x_wconf 84' lang='lat' dir='ltr'>obstaret</span> <span class='ocrx_word' id='word_1_206' title='bbox 1000 3977 1152 4070; x_wconf 87' lang='lat' dir='ltr'>Erinnys.</span> 
     </span>
     <span class='ocr_line' id='line_1_31' title="bbox 106 4082 1022 4186; baseline 0.017 -36"><span class='ocrx_word' id='word_1_207' title='bbox 106 4089 176 4154; x_wconf 82' lang='lat' dir='ltr'>Jarn</span> <span class='ocrx_word' id='word_1_208' title='bbox 191 4087 354 4158; x_wconf 81' lang='lat' dir='ltr'>submissa</span> <span class='ocrx_word' id='word_1_209' title='bbox 373 4093 512 4180; x_wconf 85' lang='lat' dir='ltr'>manus,</span> <span class='ocrx_word' id='word_1_210' title='bbox 533 4091 622 4162; x_wconf 90' lang='lat' dir='ltr'>lente</span> <span class='ocrx_word' id='word_1_211' title='bbox 639 4082 710 4186; x_wconf 79' lang='lat' dir='ltr'>jam</span> <span class='ocrx_word' id='word_1_212' title='bbox 730 4095 835 4166; x_wconf 85' lang='lat' dir='ltr'>flectit</span> <span class='ocrx_word' id='word_1_213' title='bbox 853 4096 1022 4182; x_wconf 88' lang='lat' dir='ltr'>habenas,</span> 
     </span>
    </p>
   </div>
   <div class='ocr_carea' id='block_1_4' title="bbox 0 0 1575 5140">
    <p class='ocr_par' dir='ltr' id='par_1_4' title="bbox 0 0 1575 5140">
     <span class='ocr_line' id='line_1_32' title="bbox 0 0 1575 5140; baseline 0 0"><span class='ocrx_word' id='word_1_214' title='bbox 0 0 1575 5140; x_wconf 95' lang='lat' dir='ltr'> </span> 
     </span>
    </p>
   </div>
  </div>
 </body>
</html>
