3080 5136
374 476 431 534 stt
667 471 926 530 tfflmfflos
948 473 1063 532 ultan
1083 477 1122 533 11.
1318 481 1359 536 (s.
1378 482 1450 538 nt.)

373 609 467 674 Rura
491 601 659 693 urbesque
679 613 802 668 vacant
822 625 830 666 ε
849 614 984 670 montes
999 599 1216 694 spoliavimus
1233 601 1332 670 aitos.

372 729 483 796 Omne
501 721 627 791 fretum
647 717 750 813 longa
768 715 922 788 veiorum
939 720 1110 790 obtexitur
1127 722 1259 792 umbra.

371 843 527 914 Tradunt
543 864 637 912 arma
656 853 787 935 patrea,
808 839 879 910 ruit
894 841 1083 911 irrevocata
1101 843 1273 935 juventus.

371 967 451 1036 Non
467 962 549 1034 alias
567 985 718 1056 unquam
733 967 837 1030 tantm
854 960 933 1030 data
948 961 1047 1056 copia
1063 960 1163 1032 famae

371 1084 548 1172 Fortibus,
567 1097 628 1151 aut
647 1105 768 1175 campo
785 1081 916 1176 majore
933 1083 1082 1152 meua
1101 1085 1220 1154 vir‘trm
1242 1115 1259 1148 s

372 1205 527 1300 Adspicit
542 1204 728 1290 intentum,
745 1200 909 1297 vigilique
925 1201 1094 1272 became
1107 1205 1297 1292 bibentem

371 1328 489 1416 Quum
506 1333 652 1418 paveant
669 1321 758 1408 aiio,
774 1321 985 1417 demissaque
1003 1321 1133 1394 lumina
1149 1324 1307 1410 flectm,

371 1451 483 1541 Atque
501 1447 600 1515 iterat
621 1469 630 1514 z
653 1443 851 1537 «Quisquis
869 1444 1005 1538 proavis
1021 1460 1057 1514 et
1071 1461 1173 1539 geute
1189 1445 1381 1540 superbus,

370 1567 533 1660 Quisquis
549 1589 639 1660 equo
653 1563 833 1660 jaculoque
849 1580 987 1659 potens,
1004 1568 1062 1659 qui
1079 1565 1238 1661 prevalet
1254 1591 1361 1653 arcu,

371 1689 492 1757 Omnis
510 1687 620 1756 honos
636 1683 706 1756 illic
724 1711 735 1755 ι
752 1683 820 1755 ittic
835 1686 984 1781 ingentia
1006 1701 1139 1756 certant

371 1810 519 1880 Nomina
536 1833 545 1876 r
565 1809 620 1876 vix
635 1806 762 1876 timidte
778 1821 921 1892 matres,
940 1807 996 1876 vix
1014 1809 1153 1903 agmina
1168 1825 1303 1878 cessant

371 1930 534 2025 Virginea
554 1953 563 1996 ε
582 1928 638 1997 hic
658 1925 804 1996 turritum
825 1925 955 1997 steriles
971 1927 1151 1998 damnatus
1170 1931 1207 1999 iu
1225 1954 1360 2014 moos,

369 2051 570 2142 Invisusque
589 2047 688 2132 Deis,
706 2048 735 2118 si
753 2069 855 2140 quem
876 2047 949 2116 hoec
967 2073 1055 2118 nova
1073 2047 1181 2144 gloria
1198 2072 1339 2145 segnem

370 2171 525 2240 Praeterit
544 2193 553 2238 :
574 2197 595 2234 r
610 2169 733 2236 exisset
752 2169 888 2256 stratu,
907 2169 972 2238 nisi
987 2169 1131 2264 provida
1149 2173 1247 2266 siguo

371 2288 549 2362 Deidamia
568 2287 666 2376 dato,
684 2302 824 2358 cuoctm
842 2288 977 2358 hortata
999 2315 1148 2380 sorores,

369 2411 542 2504 Liquisset
562 2424 716 2497 mensas,
734 2409 846 2503 ipsum
866 2409 1044 2505 complexa
1062 2438 1070 2480 ε
1090 2412 1148 2482 sed
1168 2411 1272 2482 haret

369 2530 566 2625 Respiciens
582 2530 755 2617 Ithacum,
774 2544 931 2623 ctetuque
951 2533 1155 2602 novissimus
1173 2535 1252 2602 exit.

419 2650 481 2720 Ille
497 2649 634 2744 quidem
652 2651 788 2745 incepto
805 2649 959 2744 paullum
976 2676 1018 2720 ex
1035 2633 1188 2722 sermone
1208 2653 1361 2740 remisit,

369 2776 611 2842 Paucatamen
627 2771 775 2866 jungens
794 2797 802 2839 ε
821 2800 839 2835 α
855 2775 899 2842 At
915 2786 953 2841 tu
974 2773 1177 2867 tranquillus
1196 2776 1232 2842 iu
1251 2772 1321 2843 alta

369 2897 454 2962 Pace
473 2915 589 2978 mane,
606 2893 761 2984 carisque
782 2915 863 2985 para
885 2893 1055 2962 connubia
1072 2896 1182 2982 uatis,

368 3016 463 3103 Quas
482 3012 544 3081 tibi
563 3010 700 3084 sidereis
718 3011 875 3081 divarum
893 3009 1043 3084 vultibus
1062 3039 1174 3109 uqsras

371 3135 451 3204 Sors
468 3131 561 3202 dedit
580 3147 642 3201 >ut
659 3155 714 3202 me
733 3130 817 3201 olim
834 3135 974 3204 tacitum
993 3135 1180 3206 reverentia
1199 3135 1332 3233 tangit!

368 3256 401 3323 ls
418 3251 518 3322 decor
538 3267 608 3341 est,
625 3252 742 3322 formo
758 3255 886 3349 species
903 3257 1073 3349 permixta
1086 3257 1187 3326 virili.
1210 3287 1228 3322 a

418 3373 577 3443 Occurrit
591 3374 749 3467 genitor:
767 3403 785 3440 r
801 3373 895 3463 Quid
914 3375 942 3444 si
959 3375 1107 3445 Bacchea
1126 3373 1268 3446 ferentes

368 3494 494 3588 Orgia,
512 3491 678 3563 Palladias
696 3509 756 3564 aut
775 3495 903 3566 circum
921 3493 1045 3566 rideris
1061 3497 1159 3566 aras?

366 3615 411 3682 Et
430 3611 605 3701 dabimus,
622 3614 650 3682 si
667 3614 755 3684 forte
772 3637 881 3686 novus
896 3617 1113 3686 cunctabitur
1132 3622 1266 3688 Auster.
1287 3653 1303 3684 υ

368 3733 553 3829 Excipiunt
570 3733 708 3828 cupidi,
725 3750 759 3806 et
775 3737 887 3807 tacitis
901 3760 977 3830 spes
992 3735 1108 3806 addita
1123 3740 1221 3808 rotis.

420 3856 543 3925 Cetera
559 3853 721 3949 depositis
738 3858 939 3952 Lycomedis
959 3862 1052 3956 regia
1070 3861 1161 3930 curis

369 3973 567 4069 Tranquillo
586 3976 648 4046 sub
667 4001 750 4072 pace
769 3977 860 4067 silet,
879 3979 939 4054 sed
955 3979 1059 4076 longa
1076 3983 1187 4076 sagaci

369 4095 447 4165 Nox
466 4095 586 4167 Ithaco
605 4123 613 4166 :
632 4095 809 4194 lucemque
830 4102 946 4196 cupit,
968 4125 1156 4196 somnoque
1176 4117 1348 4197 gmvamr.
