3172 5142
147 425 274 488 (suast.)
485 419 703 478 rnnaunos
726 377 844 478 tutin*
861 421 911 476 vr.
973 497 984 513 ⁹
1175 421 1211 490 ες

148 549 302 643 Dignari
312 599 321 635 ,
340 560 373 615 et
391 545 521 615 tumulo
542 565 736 639 supremum
754 547 846 616 hunc
864 544 987 614 addere
1004 547 1186 632 honorem,

149 672 350 750 Hortantur
366 690 522 761 proceres
540 691 548 736 ε
565 691 619 753 ac,
637 692 679 735 ne
697 667 837 738 victoria
853 665 939 736 desit

152 791 239 857 Una
257 787 382 856 ducum
399 813 556 877 numero,
577 786 697 857 fundat
715 786 768 855 vel
787 789 890 882 Lycia
909 793 1015 856 cornu

153 909 244 977 Tela
263 923 403 1004 rogant,
425 909 518 978 tenui
539 907 590 976 vel
610 906 726 976 nubila
746 921 891 976 transcat
908 908 1015 976 hasta.
1223 990 1225 996 y

212 1029 421 1122 Obsequitur
441 1027 612 1124 gaudens,
631 1024 800 1125 viridique
822 1053 862 1096 ex
883 1053 1005 1124 aggere
1026 1030 1061 1096 iu
1081 1051 1212 1120 aequum

157 1151 312 1243 Stipatus
329 1149 466 1218 summis
481 1149 644 1241 juvenum
661 1146 832 1216 descendit
850 1173 859 1217 t
879 1164 914 1216 at
933 1146 981 1216 illi

157 1273 256 1340 Pone
271 1269 359 1340 leves
377 1283 489 1364 portat
506 1268 680 1363 pharetras
697 1283 730 1337 et
748 1292 875 1336 cornua
889 1268 1002 1361 jussus

159 1391 319 1485 Armiger
336 1415 344 1456 :
363 1391 533 1485 ingentem
548 1389 643 1482 jactu
659 1389 887 1458 transmittere
901 1389 1029 1458 circum

159 1511 326 1600 Eminus,
344 1525 380 1578 et
396 1508 493 1579 dictae
510 1508 590 1578 dare
608 1507 748 1578 vulnera
767 1509 911 1579 destinat
927 1533 1023 1578 orno.

213 1631 298 1721 Quis
318 1630 421 1701 fluere
438 1629 578 1701 occultis
599 1655 711 1700 rerum
732 1646 833 1727 neget
851 1632 964 1700 omina
983 1631 1111 1702 musis?

162 1758 247 1825 Fata
264 1767 381 1847 patent
397 1753 549 1822 homini:
569 1753 663 1847 piget
679 1753 868 1841 inservare,
886 1753 1040 1846 peritque

162 1875 309 1944 Venturi
325 1875 490 1969 promissa
507 1873 590 1943 fides
608 1897 615 1940 t
636 1875 684 1942 sic
702 1875 816 1942 omina
835 1897 950 1942 casum

165 1995 337 2084 Fecimus,
358 2008 393 2063 et
408 1995 495 2063 vires
513 1994 606 2063 auxit
623 1996 772 2062 Fortuna
788 1992 941 2063 nocendi.

216 2119 383 2212 Campum
401 2129 536 2185 emensn
554 2114 650 2186 brevi
666 2113 777 2183 fatalis
795 2115 838 2182 ab
856 2113 976 2184 arbore
994 2129 1102 2203 tacta,

167 2235 385 2308 Horrendum
398 2239 492 2325 visu,
513 2261 573 2331 per
588 2261 672 2329 quas
689 2234 791 2304 modo
809 2235 941 2330 fugerat
957 2259 1074 2320 auras,

168 2362 272 2431 Venit
288 2357 420 2429 arundo
439 2373 547 2447 retro,
566 2379 769 2450 versumque
787 2381 807 2424 a
824 2355 889 2426 fine
904 2370 1053 2428 tenorem

169 2478 326 2568 Pertulit,
342 2493 377 2548 et
390 2493 478 2548 notae
495 2479 593 2572 juxta
609 2479 679 2547 ruit
692 2500 753 2545 ora
768 2456 942 2571 pharetro.

217 2598 327 2669 Multa
346 2597 581 2668 duces-errore
601 2613 741 2667 serunt:
757 2598 792 2667 hi
810 2596 944 2685 nubila,
962 2613 996 2666 et
1014 2595 1098 2666 altos

171 2720 366 2790 Occurrisse
381 2721 489 2788 Notos
506 2744 514 2792 ε
532 2718 672 2790 adverso
690 2695 822 2788 roboris
839 2720 909 2788 ictu

170 2840 250 2911 Teia
268 2839 403 2937 repulsa
420 2838 486 2908 alii.
505 2840 642 2910 Penitus
657 2838 739 2909 latet
755 2841 862 2908 exitus
881 2841 1015 2934 ingens,

172 2965 463 3054 Monstratumque
481 2959 597 3031 nefas:
618 2961 677 3031 uni
695 2958 874 3029 remeabile
892 2957 1032 3048 beilum,

174 3086 216 3152 Et
233 3085 342 3153 tristes
358 3082 495 3152 domino
513 3080 698 3168 spondebat
715 3080 846 3150 arundo
863 3104 1030 3151 recursus.
