3156 5138
422 433 459 489 st
785 431 814 486 P.
838 429 962 486 ruam
984 429 1109 487 sustu
1358 435 1434 492 (argu

419 561 635 628 Sauromatas
652 556 751 626 Latio
769 581 838 626 non
855 570 905 626 est
924 555 1062 651 dignata
1080 556 1263 652 triumpho.

416 683 559 772 Jamque
577 679 612 746 in
630 676 696 748 fine
714 676 806 769 dies,
825 693 859 749 et
878 676 1082 747 inexorabile
1100 703 1239 773 pensum

416 795 548 870 Deficit.
568 799 633 868 Hic
652 801 759 869 maesti
778 799 882 896 pietas
902 823 955 868 me
973 797 1081 894 poscit
1097 799 1230 868 Etrusci

416 918 541 1011 Qualia
559 945 620 990 nec
638 918 758 990 Sicula
776 917 995 990 moderantur
1012 919 1162 988 carmina
1180 943 1297 1013 rupes,

416 1043 490 1111 Neo
508 1041 568 1110 fati
584 1041 654 1135 jam
674 1054 785 1110 certus
804 1039 895 1130 olor,
915 1041 1058 1134 aevique
1076 1041 1198 1111 marita

415 1164 548 1232 Tereos.
569 1167 642 1232 Heu
663 1162 796 1257 quantis
815 1159 993 1232 lassantem
1010 1160 1150 1231 brachia
1167 1159 1237 1230 vidi

415 1281 631 1371 Planctibus,
649 1297 684 1354 et
701 1309 811 1379 prono
829 1282 940 1352 fusum
960 1307 1061 1378 super
1078 1281 1192 1352 oscula
1210 1279 1324 1353 vultu!

415 1405 484 1476 Vix
501 1403 637 1491 famuli,
656 1405 860 1498 comitesque
878 1417 1010 1492 tenent,
1029 1403 1087 1472 vix
1104 1401 1230 1473 arduus
1248 1403 1334 1498 ignis

416 1527 611 1599 Submovet
631 1523 732 1596 Haud
750 1524 848 1598 aliter
865 1526 994 1620 gemuit
1011 1525 1159 1620 perjuria
1176 1523 1321 1594 Theseus

416 1649 533 1719 Litore
550 1671 617 1741 quo
636 1644 725 1716 falsis
744 1645 918 1742 deceperat
936 1649 1038 1742 AEgea
1055 1643 1148 1716 velis.

465 1770 563 1837 Tunc
582 1767 726 1837 immane
744 1791 898 1862 gemens,
916 1766 1125 1862 foedatusque
1140 1789 1220 1854 ora,
1239 1781 1383 1863 tepentes

418 1885 550 1986 affatur
567 1887 693 1958 cineres
712 1914 720 1958 :
740 1892 841 1960 «Cur
859 1911 938 1975 nos,
957 1887 1133 1978 fidissime,
1153 1886 1275 1982 linquis

418 2011 567 2078 Fortuna
586 2006 764 2097 redeunte,
782 2009 901 2105 pater?
920 2008 1021 2078 modo
1039 2009 1178 2078 numina
1196 2009 1309 2103 magni

418 2127 590 2215 Presidio,
610 2143 710 2223 atque
728 2129 845 2200 breves
864 2133 1032 2225 Superum
1051 2129 1244 2226 pacavimus
1262 2129 1347 2216 iras,

418 2251 490 2322 Nae
508 2249 649 2336 frueris;
669 2250 821 2348 tantique
839 2252 977 2322 orbatus
995 2252 1143 2321 muneris
1162 2275 1225 2321 usu

419 2371 474 2442 Ad
493 2397 629 2461 manes,
648 2374 797 2468 ingrate,
816 2371 903 2467 bigis
919 2402 927 2445 :
945 2397 1006 2443 nec
1023 2373 1157 2444 flectere
1173 2376 1313 2460 Parcas,

418 2496 489 2563 Aut
507 2490 640 2587 placare
659 2492 754 2563 mala
772 2492 873 2564 datur
891 2519 1007 2590 aspera
1026 2495 1167 2566 numina
1183 2493 1326 2564 Lethes?

419 2613 530 2704 Felix,
549 2617 605 2685 cui
623 2640 746 2712 magna
763 2615 895 2712 patrem
913 2617 1040 2686 cervice
1057 2614 1192 2686 vehenti

419 2740 521 2808 Sacra
537 2739 714 2832 Mycenaeas
732 2739 841 2832 patuit
860 2739 1046 2808 reverentia
1065 2734 1223 2806 flammas!

418 2857 555 2951 Quique
573 2873 667 2926 tener
684 2859 778 2927 saevis
797 2860 982 2953 genitorem
1002 2858 1115 2953 Scipio
1133 2859 1245 2927 Pmnis

281 3025 284 3033 ·
418 2974 587 3065 Abstulit,
606 2993 640 3047 et
650 2969 743 3072 ¹Lydi
763 2979 868 3072 pietas
885 2977 1063 3048 temeraria
1081 2974 1202 3048 husi!

418 3102 509 3194 Ergo
526 3114 562 3168 et
578 3096 758 3169 Thessalici
777 3100 901 3192 conjux
919 3123 1058 3193 pensare
1077 3100 1189 3169 mariti
1322 3128 1325 3134 ·

420 3221 554 3307 Funus,
572 3233 606 3289 et
624 3219 787 3290 immitem
805 3220 917 3315 potuit
935 3222 1038 3314 Styga
1054 3221 1187 3291 vincere
1204 3220 1345 3317 supplex

419 3341 602 3413 Thracius?
620 3340 682 3414 ab!
704 3357 831 3437 quanto
849 3341 968 3413 melius
987 3369 1050 3438 pro
1068 3359 1164 3438 patre
1181 3341 1313 3416 liceret!

419 3466 500 3536 Non
518 3477 608 3536 totus
627 3467 757 3560 rapiere
776 3481 906 3546 umen,
926 3491 986 3536 nec
1004 3467 1121 3537 lunera
1141 3467 1272 3536 mittam

420 3587 569 3680 Longius
589 3612 597 3655 :
618 3586 673 3657 bic
691 3611 826 3676 manes,
845 3589 900 3658 hic
918 3591 1005 3658 intra
1025 3603 1109 3658 tecta
1130 3591 1258 3660 tenebo.

419 3708 472 3775 Tu
491 3719 621 3796 custos,
641 3706 863 3802 dominusque
881 3707 979 3795 laris3
997 3708 1058 3778 tibi
1077 3723 1198 3778 cuncta
1217 3725 1354 3780 tuorum

421 3827 589 3897 Parebunt
609 3855 618 3896 :
637 3852 700 3922 ego
719 3829 782 3897 rite
800 3829 927 3914 minor,
947 3853 1142 3924 semperque
1159 3829 1325 3899 secundus

422 3947 577 4021 Assiduas
597 3948 709 4019 libabo
728 3947 879 4043 dapeset
898 3949 1018 4042 pocula
1037 3951 1139 4019 sacris

422 4071 594 4160 Manibus,
613 4069 804 4164 effigiesque
820 4068 925 4139 colam
948 4085 1005 4145 :te
1024 4071 1136 4144 lucida
1152 4098 1246 4161 saxa,
