<?xml version="1.0" encoding="UTF-8"?>
<!DOCTYPE html PUBLIC "-//W3C//DTD XHTML 1.0 Transitional//EN"
    "http://www.w3.org/TR/xhtml1/DTD/xhtml1-transitional.dtd">
<html xmlns="http://www.w3.org/1999/xhtml" xml:lang="en" lang="en">
 <head>
  <title>
</title>
<meta http-equiv="Content-Type" content="text/html;charset=utf-8" />
  <meta name='ocr-system' content='tesseract 3.04.00' />
  <meta name='ocr-capabilities' content='ocr_page ocr_carea ocr_par ocr_line ocrx_word'/>
</head>
<body>
  <div class='ocr_page' id='page_1' title='image "./operaquaeextant00dbgoog_0433.png"; bbox 0 0 3172 5142; ppageno 0'>
   <div class='ocr_carea' id='block_1_1' title="bbox 369 429 1463 514">
    <p class='ocr_par' dir='ltr' id='par_1_1' title="bbox 369 429 1463 514">
     <span class='ocr_line' id='line_1_1' title="bbox 369 429 1463 514; baseline 0.006 -18"><span class='ocrx_word' id='word_1_1' title='bbox 369 457 407 514; x_wconf 82' lang='lat'><strong>9²</strong></span> <span class='ocrx_word' id='word_1_2' title='bbox 556 429 557 434; x_wconf 29' lang='lat'>¹</span> <span class='ocrx_word' id='word_1_3' title='bbox 647 452 650 460; x_wconf 94' lang='grc'><strong>’</strong></span> <span class='ocrx_word' id='word_1_4' title='bbox 673 444 886 501; x_wconf 66' lang='lat' dir='ltr'><strong>affluamus</strong></span> <span class='ocrx_word' id='word_1_5' title='bbox 905 445 1015 502; x_wconf 85' lang='lat' dir='ltr'><strong>LIBER</strong></span> <span class='ocrx_word' id='word_1_6' title='bbox 1036 445 1100 501; x_wconf 86' lang='lat' dir='ltr'><strong>vn.</strong></span> <span class='ocrx_word' id='word_1_7' title='bbox 1305 447 1352 509; x_wconf 82' lang='lat' dir='ltr'><strong>(v.</strong></span> <span class='ocrx_word' id='word_1_8' title='bbox 1371 445 1463 506; x_wconf 64' lang='lat' dir='ltr'><strong>nat.</strong></span> 
     </span>
    </p>
   </div>
   <div class='ocr_carea' id='block_1_2' title="bbox 366 567 1295 783">
    <p class='ocr_par' dir='ltr' id='par_1_2' title="bbox 366 567 1295 783">
     <span class='ocr_line' id='line_1_2' title="bbox 368 567 1295 658; baseline 0.003 -20"><span class='ocrx_word' id='word_1_9' title='bbox 368 570 437 638; x_wconf 78' lang='lat' dir='ltr'><strong>Aut</strong></span> <span class='ocrx_word' id='word_1_10' title='bbox 455 583 574 638; x_wconf 88' lang='lat' dir='ltr'><strong>nutare</strong></span> <span class='ocrx_word' id='word_1_11' title='bbox 592 567 717 658; x_wconf 91' lang='lat' dir='ltr'><strong>solum,</strong></span> <span class='ocrx_word' id='word_1_12' title='bbox 736 585 795 638; x_wconf 87' lang='lat' dir='ltr'><strong>aut</strong></span> <span class='ocrx_word' id='word_1_13' title='bbox 812 585 938 638; x_wconf 87' lang='lat' dir='ltr'><strong>veteres</strong></span> <span class='ocrx_word' id='word_1_14' title='bbox 958 569 1158 640; x_wconf 84' lang='lat' dir='ltr'><strong>descendere</strong></span> <span class='ocrx_word' id='word_1_15' title='bbox 1178 569 1295 658; x_wconf 81' lang='lat' dir='ltr'><strong>silvas,</strong></span> 
     </span>
     <span class='ocr_line' id='line_1_3' title="bbox 366 685 1221 783; baseline 0 -25"><span class='ocrx_word' id='word_1_16' title='bbox 366 685 436 758; x_wconf 85' lang='lat' dir='ltr'><strong>Ab!</strong></span> <span class='ocrx_word' id='word_1_17' title='bbox 455 689 566 760; x_wconf 90' lang='lat' dir='ltr'><strong>miseri</strong></span> <span class='ocrx_word' id='word_1_18' title='bbox 584 688 705 758; x_wconf 87' lang='lat' dir='ltr'><strong>vidisse</strong></span> <span class='ocrx_word' id='word_1_19' title='bbox 722 704 842 783; x_wconf 90' lang='lat' dir='ltr'><strong>putent</strong></span> <span class='ocrx_word' id='word_1_20' title='bbox 858 716 865 758; x_wconf 90' lang='lat'>:</span> <span class='ocrx_word' id='word_1_21' title='bbox 882 705 965 759; x_wconf 89' lang='lat' dir='ltr'><strong>tunc</strong></span> <span class='ocrx_word' id='word_1_22' title='bbox 981 715 1057 759; x_wconf 89' lang='lat' dir='ltr'><strong>aere</strong></span> <span class='ocrx_word' id='word_1_23' title='bbox 1075 691 1221 758; x_wconf 86' lang='lat' dir='ltr'><strong>novabat</strong></span> 
     </span>
    </p>
   </div>
   <div class='ocr_carea' id='block_1_3' title="bbox 366 809 1196 907">
    <p class='ocr_par' dir='ltr' id='par_1_3' title="bbox 366 809 1196 907">
     <span class='ocr_line' id='line_1_4' title="bbox 366 809 1196 907; baseline 0 -29"><span class='ocrx_word' id='word_1_24' title='bbox 366 813 543 907; x_wconf 83' lang='lat' dir='ltr'><strong>Ingenium</strong></span> <span class='ocrx_word' id='word_1_25' title='bbox 562 839 570 880; x_wconf 77' lang='grc' dir='ltr'><strong>ε</strong></span> <span class='ocrx_word' id='word_1_26' title='bbox 587 809 670 880; x_wconf 86' lang='lat' dir='ltr'><strong>salso</strong></span> <span class='ocrx_word' id='word_1_27' title='bbox 685 814 877 882; x_wconf 72' lang='lat' dir='ltr'><strong>Nemeaeum</strong></span> <span class='ocrx_word' id='word_1_28' title='bbox 891 810 1028 906; x_wconf 90' lang='lat' dir='ltr'><strong>pulvere</strong></span> <span class='ocrx_word' id='word_1_29' title='bbox 1042 836 1196 904; x_wconf 90' lang='lat' dir='ltr'><strong>campum</strong></span> 
     </span>
    </p>
   </div>
   <div class='ocr_carea' id='block_1_4' title="bbox 359 933 1404 4162">
    <p class='ocr_par' dir='ltr' id='par_1_4' title="bbox 365 933 1199 1026">
     <span class='ocr_line' id='line_1_5' title="bbox 365 933 1199 1026; baseline 0.001 -27"><span class='ocrx_word' id='word_1_30' title='bbox 365 933 500 1026; x_wconf 89' lang='lat' dir='ltr'><strong>Erigit:</strong></span> <span class='ocrx_word' id='word_1_31' title='bbox 520 933 653 1001; x_wconf 82' lang='lat' dir='ltr'><strong>attoniti</strong></span> <span class='ocrx_word' id='word_1_32' title='bbox 674 933 882 1002; x_wconf 82' lang='lat' dir='ltr'><strong>tenebrosam</strong></span> <span class='ocrx_word' id='word_1_33' title='bbox 901 934 1060 1004; x_wconf 84' lang='lat' dir='ltr'><strong>avertice</strong></span> <span class='ocrx_word' id='word_1_34' title='bbox 1078 933 1199 1002; x_wconf 89' lang='lat' dir='ltr'><strong>nubem</strong></span> 
     </span>
    </p>

    <p class='ocr_par' dir='ltr' id='par_1_5' title="bbox 366 1051 1174 1147">
     <span class='ocr_line' id='line_1_6' title="bbox 366 1051 1174 1147; baseline -0.001 -26"><span class='ocrx_word' id='word_1_35' title='bbox 366 1056 557 1147; x_wconf 82' lang='lat' dir='ltr'><strong>Respexere</strong></span> <span class='ocrx_word' id='word_1_36' title='bbox 575 1052 676 1122; x_wconf 85' lang='lat' dir='ltr'><strong>duces</strong></span> <span class='ocrx_word' id='word_1_37' title='bbox 699 1079 707 1122; x_wconf 93' lang='lat'><strong>:</strong></span> <span class='ocrx_word' id='word_1_38' title='bbox 728 1051 812 1122; x_wconf 88' lang='lat' dir='ltr'><strong>falso</strong></span> <span class='ocrx_word' id='word_1_39' title='bbox 830 1051 975 1122; x_wconf 88' lang='lat' dir='ltr'><strong>clamore</strong></span> <span class='ocrx_word' id='word_1_40' title='bbox 993 1051 1174 1122; x_wconf 89' lang='lat' dir='ltr'><strong>tumultum</strong></span> 
     </span>
    </p>

    <p class='ocr_par' dir='ltr' id='par_1_6' title="bbox 364 1173 1385 1270">
     <span class='ocr_line' id='line_1_7' title="bbox 364 1173 1385 1270; baseline 0.001 -27"><span class='ocrx_word' id='word_1_41' title='bbox 364 1178 489 1270; x_wconf 83' lang='lat' dir='ltr'><strong>Auget,</strong></span> <span class='ocrx_word' id='word_1_42' title='bbox 505 1187 539 1243; x_wconf 91' lang='lat' dir='ltr'><strong>ct</strong></span> <span class='ocrx_word' id='word_1_43' title='bbox 559 1197 652 1242; x_wconf 89' lang='lat' dir='ltr'><strong>arma</strong></span> <span class='ocrx_word' id='word_1_44' title='bbox 670 1174 797 1263; x_wconf 85' lang='lat' dir='ltr'><strong>virum,</strong></span> <span class='ocrx_word' id='word_1_45' title='bbox 816 1173 998 1268; x_wconf 89' lang='lat' dir='ltr'><strong>pulsusque</strong></span> <span class='ocrx_word' id='word_1_46' title='bbox 1016 1174 1167 1242; x_wconf 85' lang='lat' dir='ltr'><strong>imitatur</strong></span> <span class='ocrx_word' id='word_1_47' title='bbox 1185 1197 1385 1266; x_wconf 86' lang='lat' dir='ltr'><strong>equorum,</strong></span> 
     </span>
    </p>

    <p class='ocr_par' dir='ltr' id='par_1_7' title="bbox 365 1292 1334 1509">
     <span class='ocr_line' id='line_1_8' title="bbox 365 1292 1260 1390; baseline 0 -26"><span class='ocrx_word' id='word_1_48' title='bbox 365 1293 629 1389; x_wconf 89' lang='lat' dir='ltr'><strong>Terribilemque</strong></span> <span class='ocrx_word' id='word_1_49' title='bbox 649 1319 749 1390; x_wconf 78' lang='lat' dir='ltr'><strong>vagas</strong></span> <span class='ocrx_word' id='word_1_50' title='bbox 766 1292 931 1364; x_wconf 89' lang='lat' dir='ltr'><strong>ululatum</strong></span> <span class='ocrx_word' id='word_1_51' title='bbox 951 1296 1078 1389; x_wconf 87' lang='lat' dir='ltr'><strong>spargit</strong></span> <span class='ocrx_word' id='word_1_52' title='bbox 1098 1296 1133 1363; x_wconf 91' lang='lat' dir='ltr'><strong>in</strong></span> <span class='ocrx_word' id='word_1_53' title='bbox 1153 1319 1260 1364; x_wconf 88' lang='lat' dir='ltr'><strong>auras.</strong></span> 
     </span>
     <span class='ocr_line' id='line_1_9' title="bbox 412 1413 1334 1509; baseline 0 -25"><span class='ocrx_word' id='word_1_54' title='bbox 412 1415 589 1485; x_wconf 83' lang='lat' dir='ltr'><strong>Exsiluere</strong></span> <span class='ocrx_word' id='word_1_55' title='bbox 604 1417 724 1502; x_wconf 90' lang='lat' dir='ltr'><strong>animi;</strong></span> <span class='ocrx_word' id='word_1_56' title='bbox 743 1415 950 1508; x_wconf 89' lang='lat' dir='ltr'><strong>dubiumque</strong></span> <span class='ocrx_word' id='word_1_57' title='bbox 969 1417 1004 1483; x_wconf 94' lang='lat' dir='ltr'><strong>in</strong></span> <span class='ocrx_word' id='word_1_58' title='bbox 1022 1439 1194 1486; x_wconf 90' lang='lat' dir='ltr'><strong>murmure</strong></span> <span class='ocrx_word' id='word_1_59' title='bbox 1209 1413 1334 1509; x_wconf 83' lang='lat' dir='ltr'><strong>vulgus</strong></span> 
     </span>
    </p>

    <p class='ocr_par' dir='ltr' id='par_1_8' title="bbox 363 1532 1377 1632">
     <span class='ocr_line' id='line_1_10' title="bbox 363 1532 1377 1632; baseline -0.002 -27"><span class='ocrx_word' id='word_1_60' title='bbox 363 1533 491 1606; x_wconf 84' lang='lat' dir='ltr'><strong>Pendet</strong></span> <span class='ocrx_word' id='word_1_61' title='bbox 507 1561 515 1603; x_wconf 73' lang='grc' dir='ltr'><strong>ε</strong></span> <span class='ocrx_word' id='word_1_62' title='bbox 531 1565 548 1600; x_wconf 78' lang='lat' dir='ltr'><strong>e</strong></span> <span class='ocrx_word' id='word_1_63' title='bbox 558 1535 628 1605; x_wconf 92' lang='lat' dir='ltr'><strong>Ubi</strong></span> <span class='ocrx_word' id='word_1_64' title='bbox 643 1537 705 1604; x_wconf 92' lang='lat' dir='ltr'><strong>iste</strong></span> <span class='ocrx_word' id='word_1_65' title='bbox 723 1533 848 1630; x_wconf 87' lang='lat' dir='ltr'><strong>fragor,</strong></span> <span class='ocrx_word' id='word_1_66' title='bbox 870 1536 905 1603; x_wconf 91' lang='lat' dir='ltr'><strong>ni</strong></span> <span class='ocrx_word' id='word_1_67' title='bbox 921 1532 1068 1604; x_wconf 88' lang='lat' dir='ltr'><strong>fallimur</strong></span> <span class='ocrx_word' id='word_1_68' title='bbox 1087 1535 1185 1632; x_wconf 79' lang='lat' dir='ltr'><strong>aure?</strong></span> <span class='ocrx_word' id='word_1_69' title='bbox 1204 1534 1261 1605; x_wconf 90' lang='lat' dir='ltr'><strong>sed</strong></span> <span class='ocrx_word' id='word_1_70' title='bbox 1276 1535 1377 1604; x_wconf 90' lang='lat' dir='ltr'><strong>unde</strong></span> 
     </span>
    </p>

    <p class='ocr_par' dir='ltr' id='par_1_9' title="bbox 363 1653 1267 1750">
     <span class='ocr_line' id='line_1_11' title="bbox 363 1653 1267 1750; baseline 0 -26"><span class='ocrx_word' id='word_1_71' title='bbox 363 1653 526 1725; x_wconf 84' lang='lat' dir='ltr'><strong>Pulvereo</strong></span> <span class='ocrx_word' id='word_1_72' title='bbox 547 1669 637 1724; x_wconf 89' lang='lat' dir='ltr'><strong>stant</strong></span> <span class='ocrx_word' id='word_1_73' title='bbox 652 1670 741 1724; x_wconf 87' lang='lat' dir='ltr'><strong>astra</strong></span> <span class='ocrx_word' id='word_1_74' title='bbox 756 1653 877 1750; x_wconf 83' lang='lat' dir='ltr'>globo?</span> <span class='ocrx_word' id='word_1_75' title='bbox 896 1679 978 1724; x_wconf 90' lang='lat' dir='ltr'><strong>num</strong></span> <span class='ocrx_word' id='word_1_76' title='bbox 994 1658 1160 1727; x_wconf 90' lang='lat' dir='ltr'><strong>Ismenius</strong></span> <span class='ocrx_word' id='word_1_77' title='bbox 1177 1654 1267 1724; x_wconf 91' lang='lat' dir='ltr'><strong>ultro</strong></span> 
     </span>
    </p>

    <p class='ocr_par' dir='ltr' id='par_1_10' title="bbox 363 1773 1404 1862">
     <span class='ocr_line' id='line_1_12' title="bbox 363 1773 1404 1862; baseline 0 -18"><span class='ocrx_word' id='word_1_78' title='bbox 363 1773 485 1844; x_wconf 79' lang='lat' dir='ltr'><strong>Miles?</strong></span> <span class='ocrx_word' id='word_1_79' title='bbox 502 1777 550 1844; x_wconf 90' lang='lat' dir='ltr'><strong>ita</strong></span> <span class='ocrx_word' id='word_1_80' title='bbox 567 1789 635 1862; x_wconf 90' lang='lat' dir='ltr'><strong>est;</strong></span> <span class='ocrx_word' id='word_1_81' title='bbox 657 1777 820 1844; x_wconf 85' lang='lat' dir='ltr'><strong>veniunt:</strong></span> <span class='ocrx_word' id='word_1_82' title='bbox 841 1789 935 1843; x_wconf 91' lang='lat' dir='ltr'><strong>tanta</strong></span> <span class='ocrx_word' id='word_1_83' title='bbox 954 1791 1068 1845; x_wconf 87' lang='lat' dir='ltr'><strong>autem</strong></span> <span class='ocrx_word' id='word_1_84' title='bbox 1088 1774 1228 1846; x_wconf 87' lang='lat' dir='ltr'><strong>audacia</strong></span> <span class='ocrx_word' id='word_1_85' title='bbox 1247 1776 1404 1846; x_wconf 88' lang='lat' dir='ltr'><strong>Thebis?</strong></span> 
     </span>
    </p>

    <p class='ocr_par' dir='ltr' id='par_1_11' title="bbox 359 1894 1380 2120">
     <span class='ocr_line' id='line_1_13' title="bbox 359 1894 1305 2002; baseline -0.007 -36"><span class='ocrx_word' id='word_1_86' title='bbox 359 1896 417 2002; x_wconf 70' lang='lat' dir='ltr'><strong>,An</strong></span> <span class='ocrx_word' id='word_1_87' title='bbox 436 1894 617 1966; x_wconf 77' lang='lat' dir='ltr'><strong>dubitentl.</strong></span> <span class='ocrx_word' id='word_1_88' title='bbox 628 1895 770 1990; x_wconf 83' lang='lat' dir='ltr'><strong>agedum</strong></span> <span class='ocrx_word' id='word_1_89' title='bbox 791 1895 926 1964; x_wconf 89' lang='lat' dir='ltr'><strong>inferias</strong></span> <span class='ocrx_word' id='word_1_90' title='bbox 945 1912 979 1964; x_wconf 91' lang='lat' dir='ltr'><strong>et</strong></span> <span class='ocrx_word' id='word_1_91' title='bbox 998 1895 1096 1965; x_wconf 88' lang='lat' dir='ltr'><strong>busta</strong></span> <span class='ocrx_word' id='word_1_92' title='bbox 1115 1894 1273 1967; x_wconf 87' lang='lat' dir='ltr'><strong>colamus.</strong></span> <span class='ocrx_word' id='word_1_93' title='bbox 1287 1925 1305 1959; x_wconf 73' lang='lat' dir='ltr'><strong>n</strong></span> 
     </span>
     <span class='ocr_line' id='line_1_14' title="bbox 413 2015 1380 2120; baseline 0.003 -37"><span class='ocrx_word' id='word_1_94' title='bbox 413 2018 492 2084; x_wconf 82' lang='lat' dir='ltr'><strong>Haec</strong></span> <span class='ocrx_word' id='word_1_95' title='bbox 511 2018 622 2120; x_wconf 73' lang='lat' dir='ltr'><strong>Payor</strong></span> <span class='ocrx_word' id='word_1_96' title='bbox 639 2016 813 2084; x_wconf 87' lang='lat' dir='ltr'><strong>attonitis:</strong></span> <span class='ocrx_word' id='word_1_97' title='bbox 831 2017 1007 2110; x_wconf 85' lang='lat' dir='ltr'><strong>variosque</strong></span> <span class='ocrx_word' id='word_1_98' title='bbox 1025 2041 1087 2111; x_wconf 91' lang='lat' dir='ltr'><strong>per</strong></span> <span class='ocrx_word' id='word_1_99' title='bbox 1105 2019 1238 2112; x_wconf 87' lang='lat' dir='ltr'><strong>agmina</strong></span> <span class='ocrx_word' id='word_1_100' title='bbox 1258 2015 1380 2086; x_wconf 84' lang='lat' dir='ltr'><strong>vultus</strong></span> 
     </span>
    </p>

    <p class='ocr_par' dir='ltr' id='par_1_12' title="bbox 363 2133 1098 2226">
     <span class='ocr_line' id='line_1_15' title="bbox 363 2133 1098 2226; baseline 0.001 -23"><span class='ocrx_word' id='word_1_101' title='bbox 363 2133 535 2223; x_wconf 87' lang='lat' dir='ltr'><strong>Induitur,</strong></span> <span class='ocrx_word' id='word_1_102' title='bbox 555 2159 645 2204; x_wconf 89' lang='lat' dir='ltr'><strong>nunc</strong></span> <span class='ocrx_word' id='word_1_103' title='bbox 665 2136 778 2206; x_wconf 73' lang='lat' dir='ltr'><strong>Pisais</strong></span> <span class='ocrx_word' id='word_1_104' title='bbox 794 2160 814 2204; x_wconf 88' lang='lat' dir='ltr'><strong>e</strong></span> <span class='ocrx_word' id='word_1_105' title='bbox 829 2135 976 2205; x_wconf 89' lang='lat' dir='ltr'><strong>millibus</strong></span> <span class='ocrx_word' id='word_1_106' title='bbox 994 2161 1098 2226; x_wconf 91' lang='lat' dir='ltr'><strong>unus,</strong></span> 
     </span>
    </p>

    <p class='ocr_par' dir='ltr' id='par_1_13' title="bbox 363 2255 1366 2352">
     <span class='ocr_line' id='line_1_16' title="bbox 363 2255 1366 2352; baseline 0.002 -28"><span class='ocrx_word' id='word_1_107' title='bbox 363 2257 464 2327; x_wconf 88' lang='lat' dir='ltr'><strong>Nunc</strong></span> <span class='ocrx_word' id='word_1_108' title='bbox 478 2255 611 2350; x_wconf 85' lang='lat' dir='ltr'><strong>Pylius,</strong></span> <span class='ocrx_word' id='word_1_109' title='bbox 630 2281 721 2326; x_wconf 91' lang='lat' dir='ltr'><strong>nunc</strong></span> <span class='ocrx_word' id='word_1_110' title='bbox 735 2280 793 2325; x_wconf 90' lang='lat' dir='ltr'><strong>ore</strong></span> <span class='ocrx_word' id='word_1_111' title='bbox 810 2259 943 2344; x_wconf 81' lang='lat' dir='ltr'><strong>lacon,</strong></span> <span class='ocrx_word' id='word_1_112' title='bbox 959 2257 1138 2351; x_wconf 87' lang='lat' dir='ltr'><strong>hostesque</strong></span> <span class='ocrx_word' id='word_1_113' title='bbox 1155 2259 1366 2352; x_wconf 91' lang='lat' dir='ltr'><strong>propinquos</strong></span> 
     </span>
    </p>

    <p class='ocr_par' dir='ltr' id='par_1_14' title="bbox 363 2377 1179 2476">
     <span class='ocr_line' id='line_1_17' title="bbox 363 2377 1179 2476; baseline 0.002 -30"><span class='ocrx_word' id='word_1_114' title='bbox 363 2377 523 2476; x_wconf 76' lang='lat' dir='ltr'><strong>Adjurat,</strong></span> <span class='ocrx_word' id='word_1_115' title='bbox 539 2393 732 2472; x_wconf 89' lang='lat' dir='ltr'><strong>turmasque</strong></span> <span class='ocrx_word' id='word_1_116' title='bbox 748 2393 839 2448; x_wconf 90' lang='lat' dir='ltr'><strong>metu</strong></span> <span class='ocrx_word' id='word_1_117' title='bbox 856 2393 1049 2447; x_wconf 90' lang='lat' dir='ltr'><strong>consternat</strong></span> <span class='ocrx_word' id='word_1_118' title='bbox 1067 2380 1179 2448; x_wconf 88' lang='lat' dir='ltr'><strong>inani:</strong></span> 
     </span>
    </p>

    <p class='ocr_par' dir='ltr' id='par_1_15' title="bbox 364 2497 1180 2595">
     <span class='ocr_line' id='line_1_18' title="bbox 364 2497 1180 2595; baseline 0.002 -27"><span class='ocrx_word' id='word_1_119' title='bbox 364 2497 423 2569; x_wconf 89' lang='lat' dir='ltr'><strong>Nil</strong></span> <span class='ocrx_word' id='word_1_120' title='bbox 440 2497 560 2567; x_wconf 85' lang='lat' dir='ltr'><strong>falsum</strong></span> <span class='ocrx_word' id='word_1_121' title='bbox 576 2497 713 2592; x_wconf 89' lang='lat' dir='ltr'><strong>trepidis</strong></span> <span class='ocrx_word' id='word_1_122' title='bbox 729 2524 737 2566; x_wconf 75' lang='grc' dir='ltr'><strong>ε</strong></span> <span class='ocrx_word' id='word_1_123' title='bbox 756 2512 795 2567; x_wconf 93' lang='lat' dir='ltr'><strong>ut</strong></span> <span class='ocrx_word' id='word_1_124' title='bbox 808 2523 888 2567; x_wconf 83' lang='lat' dir='ltr'><strong>vero</strong></span> <span class='ocrx_word' id='word_1_125' title='bbox 904 2499 1092 2568; x_wconf 89' lang='lat' dir='ltr'><strong>amentibus</strong></span> <span class='ocrx_word' id='word_1_126' title='bbox 1110 2501 1180 2595; x_wconf 90' lang='lat' dir='ltr'><strong>ipse</strong></span> 
     </span>
    </p>

    <p class='ocr_par' dir='ltr' id='par_1_16' title="bbox 362 2618 1086 2713">
     <span class='ocr_line' id='line_1_19' title="bbox 362 2618 1086 2713; baseline -0.001 -24"><span class='ocrx_word' id='word_1_127' title='bbox 362 2618 505 2708; x_wconf 81' lang='lat' dir='ltr'><strong>Incidit,</strong></span> <span class='ocrx_word' id='word_1_128' title='bbox 523 2634 557 2687; x_wconf 88' lang='lat' dir='ltr'><strong>ct</strong></span> <span class='ocrx_word' id='word_1_129' title='bbox 571 2643 671 2688; x_wconf 76' lang='lat' dir='ltr'><strong>sacrae</strong></span> <span class='ocrx_word' id='word_1_130' title='bbox 692 2621 819 2688; x_wconf 91' lang='lat' dir='ltr'><strong>circum</strong></span> <span class='ocrx_word' id='word_1_131' title='bbox 839 2618 971 2713; x_wconf 88' lang='lat' dir='ltr'><strong>fastigia</strong></span> <span class='ocrx_word' id='word_1_132' title='bbox 991 2618 1086 2688; x_wconf 89' lang='lat' dir='ltr'><strong>vallis</strong></span> 
     </span>
    </p>

    <p class='ocr_par' dir='ltr' id='par_1_17' title="bbox 363 2738 1269 2834">
     <span class='ocr_line' id='line_1_20' title="bbox 363 2738 1269 2834; baseline -0.003 -24"><span class='ocrx_word' id='word_1_133' title='bbox 363 2741 514 2811; x_wconf 84' lang='lat' dir='ltr'><strong>Turbine</strong></span> <span class='ocrx_word' id='word_1_134' title='bbox 533 2754 717 2834; x_wconf 81' lang='lat' dir='ltr'><strong>praevectus</strong></span> <span class='ocrx_word' id='word_1_135' title='bbox 737 2739 875 2834; x_wconf 86' lang='lat' dir='ltr'><strong>rapido,</strong></span> <span class='ocrx_word' id='word_1_136' title='bbox 899 2755 949 2808; x_wconf 92' lang='lat' dir='ltr'><strong>ter</strong></span> <span class='ocrx_word' id='word_1_137' title='bbox 970 2738 1104 2808; x_wconf 82' lang='lat' dir='ltr'><strong>sustulit</strong></span> <span class='ocrx_word' id='word_1_138' title='bbox 1119 2740 1269 2824; x_wconf 86' lang='lat' dir='ltr'><strong>hastam,</strong></span> 
     </span>
    </p>

    <p class='ocr_par' dir='ltr' id='par_1_18' title="bbox 363 2858 1313 2954">
     <span class='ocr_line' id='line_1_21' title="bbox 363 2858 1313 2954; baseline -0.004 -22"><span class='ocrx_word' id='word_1_139' title='bbox 363 2867 430 2932; x_wconf 85' lang='lat' dir='ltr'><strong>Ter</strong></span> <span class='ocrx_word' id='word_1_140' title='bbox 447 2861 616 2930; x_wconf 87' lang='lat' dir='ltr'><strong>concussit</strong></span> <span class='ocrx_word' id='word_1_141' title='bbox 635 2884 759 2953; x_wconf 86' lang='lat' dir='ltr'><strong>equos,</strong></span> <span class='ocrx_word' id='word_1_142' title='bbox 777 2858 930 2953; x_wconf 86' lang='lat' dir='ltr'><strong>clypeum</strong></span> <span class='ocrx_word' id='word_1_143' title='bbox 947 2875 998 2928; x_wconf 83' lang='lat' dir='ltr'><strong>ter</strong></span> <span class='ocrx_word' id='word_1_144' title='bbox 1013 2875 1149 2954; x_wconf 89' lang='lat' dir='ltr'><strong>pectore</strong></span> <span class='ocrx_word' id='word_1_145' title='bbox 1169 2859 1313 2954; x_wconf 89' lang='lat' dir='ltr'><strong>plausit;</strong></span> 
     </span>
    </p>

    <p class='ocr_par' dir='ltr' id='par_1_19' title="bbox 364 2981 1380 3076">
     <span class='ocr_line' id='line_1_22' title="bbox 364 2981 1380 3076; baseline 0.002 -27"><span class='ocrx_word' id='word_1_146' title='bbox 364 2987 510 3066; x_wconf 67' lang='lat' dir='ltr'><strong>«Arma,</strong></span> <span class='ocrx_word' id='word_1_147' title='bbox 525 3005 634 3068; x_wconf 89' lang='lat' dir='ltr'><strong>arma,</strong></span> <span class='ocrx_word' id='word_1_148' title='bbox 653 2981 763 3048; x_wconf 92' lang='lat' dir='ltr'><strong>insani</strong></span> <span class='ocrx_word' id='word_1_149' title='bbox 777 3007 785 3048; x_wconf 91' lang='lat'>:</span> <span class='ocrx_word' id='word_1_150' title='bbox 798 3009 815 3046; x_wconf 71' lang='lat'><strong>1&gt;</strong></span> <span class='ocrx_word' id='word_1_151' title='bbox 836 3006 897 3050; x_wconf 88' lang='lat' dir='ltr'><strong>sua</strong></span> <span class='ocrx_word' id='word_1_152' title='bbox 911 2983 1068 3074; x_wconf 89' lang='lat' dir='ltr'><strong>quisque,</strong></span> <span class='ocrx_word' id='word_1_153' title='bbox 1087 2982 1269 3076; x_wconf 90' lang='lat' dir='ltr'><strong>ignotaque</strong></span> <span class='ocrx_word' id='word_1_154' title='bbox 1282 2981 1380 3051; x_wconf 88' lang='lat' dir='ltr'><strong>nullo</strong></span> 
     </span>
    </p>

    <p class='ocr_par' dir='ltr' id='par_1_20' title="bbox 364 3097 1220 3195">
     <span class='ocr_line' id='line_1_23' title="bbox 364 3097 1220 3195; baseline -0.005 -22"><span class='ocrx_word' id='word_1_155' title='bbox 364 3105 462 3174; x_wconf 90' lang='lat' dir='ltr'><strong>More</strong></span> <span class='ocrx_word' id='word_1_156' title='bbox 477 3102 583 3195; x_wconf 87' lang='lat' dir='ltr'><strong>rapit,</strong></span> <span class='ocrx_word' id='word_1_157' title='bbox 600 3114 734 3170; x_wconf 87' lang='lat' dir='ltr'><strong>mutant</strong></span> <span class='ocrx_word' id='word_1_158' title='bbox 751 3097 881 3195; x_wconf 82' lang='lat' dir='ltr'><strong>galeas,</strong></span> <span class='ocrx_word' id='word_1_159' title='bbox 902 3099 1075 3195; x_wconf 89' lang='lat' dir='ltr'><strong>alienaque</strong></span> <span class='ocrx_word' id='word_1_160' title='bbox 1094 3115 1220 3194; x_wconf 85' lang='lat' dir='ltr'><strong>coguut</strong></span> 
     </span>
    </p>

    <p class='ocr_par' dir='ltr' id='par_1_21' title="bbox 364 3220 1283 3318">
     <span class='ocr_line' id='line_1_24' title="bbox 364 3220 1283 3318; baseline -0.007 -23"><span class='ocrx_word' id='word_1_161' title='bbox 364 3224 417 3295; x_wconf 81' lang='lat' dir='ltr'><strong>ad</strong></span> <span class='ocrx_word' id='word_1_162' title='bbox 433 3224 516 3318; x_wconf 88' lang='lat' dir='ltr'><strong>juga</strong></span> <span class='ocrx_word' id='word_1_163' title='bbox 534 3221 750 3316; x_wconf 80' lang='lat' dir='ltr'><strong>cornipedes3</strong></span> <span class='ocrx_word' id='word_1_164' title='bbox 767 3220 857 3291; x_wconf 89' lang='lat' dir='ltr'><strong>serus</strong></span> <span class='ocrx_word' id='word_1_165' title='bbox 875 3223 966 3292; x_wconf 91' lang='lat' dir='ltr'><strong>omni</strong></span> <span class='ocrx_word' id='word_1_166' title='bbox 985 3223 1020 3290; x_wconf 92' lang='lat' dir='ltr'><strong>in</strong></span> <span class='ocrx_word' id='word_1_167' title='bbox 1038 3237 1173 3316; x_wconf 87' lang='lat' dir='ltr'><strong>pectore</strong></span> <span class='ocrx_word' id='word_1_168' title='bbox 1190 3223 1283 3291; x_wconf 87' lang='lat' dir='ltr'><strong>saevit</strong></span> 
     </span>
    </p>

    <p class='ocr_par' dir='ltr' id='par_1_22' title="bbox 363 3341 1291 3438">
     <span class='ocr_line' id='line_1_25' title="bbox 363 3341 1291 3438; baseline -0.005 -23"><span class='ocrx_word' id='word_1_169' title='bbox 363 3346 486 3415; x_wconf 90' lang='lat' dir='ltr'><strong>Mortis</strong></span> <span class='ocrx_word' id='word_1_170' title='bbox 503 3368 609 3430; x_wconf 87' lang='lat' dir='ltr'><strong>amor,</strong></span> <span class='ocrx_word' id='word_1_171' title='bbox 628 3341 810 3438; x_wconf 89' lang='lat' dir='ltr'><strong>caedisque;</strong></span> <span class='ocrx_word' id='word_1_172' title='bbox 829 3342 913 3412; x_wconf 92' lang='lat' dir='ltr'><strong>nihil</strong></span> <span class='ocrx_word' id='word_1_173' title='bbox 933 3343 1152 3438; x_wconf 87' lang='lat' dir='ltr'><strong>flagrantibus</strong></span> <span class='ocrx_word' id='word_1_174' title='bbox 1170 3343 1291 3412; x_wconf 90' lang='lat' dir='ltr'><strong>obstat.</strong></span> 
     </span>
    </p>

    <p class='ocr_par' dir='ltr' id='par_1_23' title="bbox 364 3462 1304 3558">
     <span class='ocr_line' id='line_1_26' title="bbox 364 3462 1304 3558; baseline -0.003 -23"><span class='ocrx_word' id='word_1_175' title='bbox 364 3466 595 3558; x_wconf 82' lang='lat' dir='ltr'><strong>Praecipitant,</strong></span> <span class='ocrx_word' id='word_1_176' title='bbox 614 3462 850 3558; x_wconf 88' lang='lat' dir='ltr'><strong>redimuntque</strong></span> <span class='ocrx_word' id='word_1_177' title='bbox 867 3488 977 3532; x_wconf 89' lang='lat' dir='ltr'><strong>moras</strong></span> <span class='ocrx_word' id='word_1_178' title='bbox 994 3490 1001 3531; x_wconf 94' lang='lat'><strong>:</strong></span> <span class='ocrx_word' id='word_1_179' title='bbox 1018 3465 1065 3532; x_wconf 93' lang='lat' dir='ltr'><strong>sic</strong></span> <span class='ocrx_word' id='word_1_180' title='bbox 1084 3462 1184 3534; x_wconf 89' lang='lat' dir='ltr'><strong>litora</strong></span> <span class='ocrx_word' id='word_1_181' title='bbox 1202 3479 1304 3534; x_wconf 87' lang='lat' dir='ltr'><strong>vento</strong></span> 
     </span>
    </p>

    <p class='ocr_par' dir='ltr' id='par_1_24' title="bbox 364 3583 1294 3680">
     <span class='ocr_line' id='line_1_27' title="bbox 364 3583 1294 3680; baseline 0 -26"><span class='ocrx_word' id='word_1_182' title='bbox 364 3587 550 3679; x_wconf 90' lang='lat' dir='ltr'><strong>Incipiente</strong></span> <span class='ocrx_word' id='word_1_183' title='bbox 569 3583 732 3670; x_wconf 82' lang='lat' dir='ltr'><strong>fremunt,</strong></span> <span class='ocrx_word' id='word_1_184' title='bbox 752 3583 881 3680; x_wconf 88' lang='lat' dir='ltr'><strong>fugitur</strong></span> <span class='ocrx_word' id='word_1_185' title='bbox 901 3609 1004 3678; x_wconf 91' lang='lat' dir='ltr'><strong>quum</strong></span> <span class='ocrx_word' id='word_1_186' title='bbox 1019 3600 1151 3678; x_wconf 82' lang='lat' dir='ltr'><strong>portus;</strong></span> <span class='ocrx_word' id='word_1_187' title='bbox 1171 3585 1294 3678; x_wconf 88' lang='lat' dir='ltr'><strong>ubique</strong></span> 
     </span>
    </p>

    <p class='ocr_par' dir='ltr' id='par_1_25' title="bbox 365 3702 1200 3799">
     <span class='ocr_line' id='line_1_28' title="bbox 365 3702 1200 3799; baseline -0.004 -22"><span class='ocrx_word' id='word_1_188' title='bbox 365 3705 450 3777; x_wconf 91' lang='lat' dir='ltr'><strong>Vela</strong></span> <span class='ocrx_word' id='word_1_189' title='bbox 468 3705 595 3793; x_wconf 87' lang='lat' dir='ltr'><strong>fluunt,</strong></span> <span class='ocrx_word' id='word_1_190' title='bbox 615 3702 682 3774; x_wconf 88' lang='lat' dir='ltr'><strong>laxi</strong></span> <span class='ocrx_word' id='word_1_191' title='bbox 695 3706 867 3799; x_wconf 86' lang='lat' dir='ltr'><strong>jactantur</strong></span> <span class='ocrx_word' id='word_1_192' title='bbox 883 3705 1009 3799; x_wconf 91' lang='lat' dir='ltr'><strong>ubique</strong></span> <span class='ocrx_word' id='word_1_193' title='bbox 1025 3705 1200 3795; x_wconf 80' lang='lat' dir='ltr'><strong>rudentes3</strong></span> 
     </span>
    </p>

    <p class='ocr_par' dir='ltr' id='par_1_26' title="bbox 364 3827 1356 3920">
     <span class='ocr_line' id='line_1_29' title="bbox 364 3827 1356 3920; baseline 0.003 -25"><span class='ocrx_word' id='word_1_194' title='bbox 364 3830 506 3920; x_wconf 87' lang='lat' dir='ltr'><strong>Jamque</strong></span> <span class='ocrx_word' id='word_1_195' title='bbox 523 3839 641 3894; x_wconf 89' lang='lat' dir='ltr'><strong>natant</strong></span> <span class='ocrx_word' id='word_1_196' title='bbox 661 3827 765 3914; x_wconf 87' lang='lat' dir='ltr'><strong>remi,</strong></span> <span class='ocrx_word' id='word_1_197' title='bbox 782 3841 876 3895; x_wconf 88' lang='lat' dir='ltr'><strong>natat</strong></span> <span class='ocrx_word' id='word_1_198' title='bbox 893 3827 1002 3894; x_wconf 92' lang='lat' dir='ltr'><strong>omnis</strong></span> <span class='ocrx_word' id='word_1_199' title='bbox 1019 3827 1054 3894; x_wconf 91' lang='lat' dir='ltr'><strong>in</strong></span> <span class='ocrx_word' id='word_1_200' title='bbox 1074 3851 1207 3920; x_wconf 76' lang='lat' dir='ltr'><strong>aequore</strong></span> <span class='ocrx_word' id='word_1_201' title='bbox 1222 3853 1356 3898; x_wconf 91' lang='lat' dir='ltr'><strong>summo</strong></span> 
     </span>
    </p>

    <p class='ocr_par' dir='ltr' id='par_1_27' title="bbox 365 3945 1169 4041">
     <span class='ocr_line' id='line_1_30' title="bbox 365 3945 1169 4041; baseline -0.005 -23"><span class='ocrx_word' id='word_1_202' title='bbox 365 3952 516 4034; x_wconf 79' lang='lat' dir='ltr'><strong>Ancora3</strong></span> <span class='ocrx_word' id='word_1_203' title='bbox 529 3946 602 4040; x_wconf 86' lang='lat' dir='ltr'><strong>jam</strong></span> <span class='ocrx_word' id='word_1_204' title='bbox 621 3945 727 4016; x_wconf 90' lang='lat' dir='ltr'><strong>dulcis</strong></span> <span class='ocrx_word' id='word_1_205' title='bbox 746 3945 846 4014; x_wconf 86' lang='lat' dir='ltr'><strong>medii</strong></span> <span class='ocrx_word' id='word_1_206' title='bbox 864 3945 905 4014; x_wconf 92' lang='lat' dir='ltr'><strong>de</strong></span> <span class='ocrx_word' id='word_1_207' title='bbox 923 3947 1054 4040; x_wconf 84' lang='lat' dir='ltr'><strong>gurgite</strong></span> <span class='ocrx_word' id='word_1_208' title='bbox 1076 3949 1169 4041; x_wconf 88' lang='lat' dir='ltr'><strong>ponti</strong></span> 
     </span>
    </p>

    <p class='ocr_par' dir='ltr' id='par_1_28' title="bbox 365 4065 1218 4162">
     <span class='ocr_line' id='line_1_31' title="bbox 365 4065 1218 4162; baseline -0.002 -24"><span class='ocrx_word' id='word_1_209' title='bbox 365 4069 556 4162; x_wconf 84' lang='lat' dir='ltr'><strong>Respicitur</strong></span> <span class='ocrx_word' id='word_1_210' title='bbox 574 4065 691 4156; x_wconf 87' lang='lat' dir='ltr'><strong>tellus,</strong></span> <span class='ocrx_word' id='word_1_211' title='bbox 710 4069 913 4161; x_wconf 88' lang='lat' dir='ltr'><strong>comitesque</strong></span> <span class='ocrx_word' id='word_1_212' title='bbox 931 4093 950 4136; x_wconf 94' lang='lat' dir='ltr'><strong>a</strong></span> <span class='ocrx_word' id='word_1_213' title='bbox 969 4093 1082 4162; x_wconf 88' lang='lat' dir='ltr'><strong>puppe</strong></span> <span class='ocrx_word' id='word_1_214' title='bbox 1102 4067 1218 4138; x_wconf 91' lang='lat' dir='ltr'><strong>relicti.</strong></span> 
     </span>
    </p>
   </div>
   <div class='ocr_carea' id='block_1_5' title="bbox 0 0 1590 5142">
    <p class='ocr_par' dir='ltr' id='par_1_29' title="bbox 0 0 1590 5142">
     <span class='ocr_line' id='line_1_32' title="bbox 0 0 1590 5142; baseline 0 1"><span class='ocrx_word' id='word_1_215' title='bbox 0 0 1590 5142; x_wconf 95' lang='lat' dir='ltr'><strong> </strong></span> 
     </span>
    </p>
   </div>
  </div>
 </body>
</html>
