3192 5148
173 508 258 558 tutat
511 498 704 558 SILVARUM
725 501 841 590 uttan
857 503 894 556 11.

171 625 327 716 Quaeque
346 623 423 692 ferit
437 632 558 693 curvos
573 637 687 692 exerta
703 622 847 718 Megalia
869 623 997 695 fluctus.

173 743 322 838 lingitur
341 755 375 811 et
392 741 530 813 domino
544 755 661 812 contra
677 743 858 812 recubante
876 742 994 837 procul
1006 745 1070 841 qui

172 863 373 931 Surrentina
393 875 469 930 tuus
485 875 612 956 spectat
632 863 789 957 praetoria
809 863 942 932 Limon.

173 986 265 1053 Ante
282 995 394 1054 tamen
414 995 551 1052 cunctas
567 981 685 1076 procul
702 983 827 1058 eminet
842 1007 910 1053 una
931 982 1045 1067 diaetas

171 1103 260 1190 Quae
281 1102 341 1172 tibi
355 1102 593 1195 Parthenopen
608 1101 736 1172 directo
756 1100 862 1170 limite
877 1103 975 1196 ponti

173 1223 312 1322 Ingerit.
331 1223 395 1291 Hic
412 1222 525 1291 Graiis
541 1222 675 1314 penitus
695 1219 825 1290 desecta
846 1219 988 1298 metallis
1061 1291 1064 1296 ,

170 1344 259 1411 Saxa
275 1369 283 1409 ε
302 1341 392 1436 quod
407 1345 485 1412 ane
501 1342 665 1436 respergit
679 1365 765 1410 vena
780 1343 903 1434 Syenes
918 1367 927 1409 τ

170 1460 329 1554 Synnade
345 1459 436 1554 quod
452 1474 569 1530 moesta
585 1460 738 1555 Phrygiae
754 1460 867 1530 fodere
884 1477 1015 1531 secures

171 1585 238 1651 Per
252 1580 391 1675 Cybeles
405 1579 553 1675 lugentis
573 1604 686 1676 agros,
702 1580 760 1648 ubi
778 1604 945 1649 marmore
964 1582 1055 1675 picto

168 1700 325 1772 Candida
340 1723 513 1795 purpureo
530 1700 748 1795 distinguitur
768 1723 845 1770 area
863 1724 958 1795 gyro.

168 1823 235 1890 Hic
254 1836 291 1896 et,
306 1819 463 1916 Amyclaei
480 1845 600 1890 caesum
620 1819 661 1888 de
681 1833 796 1888 monte
815 1820 961 1913 Lycurgi

168 1940 273 2030 Quod
286 1942 388 2028 viret,
405 1955 439 2010 et
452 1938 569 2018 molles
588 1940 739 2008 imitatur
753 1939 892 2032 rupibus
913 1939 1043 2010 herbas.

169 2063 234 2132 Hic
253 2060 447 2133 Nomadum
462 2059 576 2129 lucent
591 2059 747 2128 flaventia
767 2082 861 2146 saxa,
880 2058 1092 2155 Thasosque,

167 2185 213 2251 Et
230 2182 350 2268 Chios,
370 2193 404 2250 et
422 2179 570 2275 gaudens
587 2178 691 2262 fluctu
710 2191 838 2248 certare
858 2180 1025 2271 Carystos.

168 2302 294 2372 Omnia
314 2297 523 2370 Chalcidicas
540 2311 648 2368 turres
663 2297 804 2366 obversa
820 2295 977 2366 salutant.

167 2423 279 2493 Macte
292 2421 420 2508 animo,
436 2418 527 2513 quod
541 2419 643 2488 Graia
658 2416 795 2510 probas,
809 2416 901 2510 quod
912 2419 1016 2487 Graia
1028 2418 1219 2513 frequentas

167 2543 274 2626 Arva3
292 2564 354 2608 nec
370 2538 543 2612 invideant
559 2547 633 2632 quae
652 2550 684 2605 te
705 2560 850 2632 genuere
868 2537 1025 2608 Dicarchi

167 2661 294 2729 Moenia
311 2685 319 2728 ε
340 2683 400 2731 nos
416 2658 517 2728 docto
534 2655 652 2726 melius
673 2658 841 2751 potiemur
857 2654 1005 2725 alumno.

168 2779 262 2870 Quid
280 2803 372 2848 nnnc
387 2779 474 2850 ruris
494 2803 590 2871 opes,
610 2792 781 2870 pontoque
797 2775 930 2846 novalia
948 2776 1059 2848 dicam

166 2901 311 2993 Injecta,
327 2913 360 2967 et
379 2897 530 2970 madidas
547 2895 696 2970 Baccheo
725 2911 859 2966 nectare
876 2895 997 2989 rupes?
1017 2883 1020 2891 Α

166 3023 260 3114 Saepe
280 3043 340 3114 per
356 3023 573 3102 autumnum,
589 3018 658 3110 jam
666 3016 878 3111 pubescente
895 3019 1010 3110 Lyaeo,

167 3138 374 3210 Conscendit
394 3135 564 3233 scopulos,
583 3138 756 3230 noctisque
774 3134 905 3205 occulta
920 3137 982 3222 sub
1002 3136 1122 3206 umbra

168 3259 310 3330 Palmite
330 3271 463 3330 maturo
480 3259 629 3329 rorantia
645 3239 776 3327 lumina
795 3257 888 3326 tersit

133 3413 137 3420 ·
167 3382 302 3466 Nereis,
320 3394 354 3448 et
373 3377 486 3451 dulces
505 3379 619 3472 rapuit
634 3376 676 3446 de
692 3375 832 3446 collibus
852 3399 944 3444 uvas.

168 3503 262 3596 Saepe
282 3513 316 3570 et
334 3500 446 3570 vicino
464 3521 578 3592 sparsa
593 3507 643 3566 est
661 3496 831 3568 vindemia
850 3495 972 3582 fluctu;

163 3625 211 3692 Et
228 3622 339 3716 Satyri
355 3618 503 3691 cecidere
521 3617 631 3707 vadis,
652 3609 845 3711 nudamque
860 3641 921 3710 per
936 3615 1044 3684 undas
1167 3667 1172 3681 ,

167 3741 297 3812 Dorida
314 3741 466 3812 montani
480 3739 660 3834 cupierunt
676 3738 841 3833 prendere
855 3737 974 3822 Panes.

216 3863 267 3930 Sis
283 3859 380 3948 felix,
399 3859 511 3950 tellus,
529 3860 673 3931 dominis
690 3837 856 3938 ambobus
868 3858 904 3930 in
921 3879 1031 3925 annos

166 3982 358 4078 Mygdonii,
374 3965 526 4077 Pyliique
543 3981 646 4066 senis;
662 4003 724 4048 nec
741 3975 853 4053 nobile
872 3989 981 4046 mutes

165 4103 367 4188 Servitium;
387 4117 499 4174 necte
517 4100 609 4174 cultu
629 4099 803 4193 Tirynthia
823 4099 936 4167 vincat
