3200 5142
425 506 466 561 ΙΝ
487 507 518 560 P.
540 507 569 558 P.
592 505 718 560 STATII
739 506 832 561 SILV.
854 506 925 561 LIB.
949 505 1001 560 111.
1181 508 1238 584 269

183 642 244 678 esse
271 621 402 694 tonsum5
422 630 618 708 etostentans
637 621 705 693 tihi,
720 622 879 696 AEsculapi,
902 623 955 677 hos
976 621 1069 678 crines
1092 640 1159 679 suos
1175 624 1238 681 ior-

182 725 258 771 tasse
274 725 302 770 et
321 714 383 790 ipsc
397 714 575 770 consecrabit
588 715 618 769 iu
636 715 712 771 illius
729 717 966 772 aemulationem.»
984 715 1070 790 Seqq.
1086 715 1121 772 de
1140 719 1239 794 Gany-

183 807 269 862 mede
287 807 433 862 dicuntur.

225 914 385 988 Sangarius
395 933 474 989 puer
487 910 526 990 (v.
547 911 606 991 ir).
622 905 743 983 actim
758 915 903 990 Sangaro,
916 914 1044 990 Phrygia
1058 912 1158 973 fluvio.

229 1018 388 1092 Valensque
408 1015 531 1092 penates
545 1020 674 1074 Evandri
704 1016 742 1098 (v.
765 1016 824 1096 47).
847 1019 922 1075 Vide
940 1020 977 1075 ad
997 1039 1025 1090 r,
1048 1039 1079 1090 1,
1098 1021 1145 1089 34.
1172 1024 1240 1079 Post

183 1110 250 1168 cod.
264 1109 386 1186 Rhedig.
401 1130 409 1165 ε
424 1112 530 1168 «Pater
543 1110 666 1186 inclytus
680 1109 767 1167 orbis.
784 1135 796 1160 υ

226 1221 321 1276 Norat
340 1221 467 1275 coelcstes
482 1222 579 1275 oenus
597 1219 677 1275 ducis
691 1214 729 1295 (v.
746 1215 804 1296 53).
819 1218 876 1274 «Id
890 1229 946 1291 cst,
963 1219 1106 1292 judicium
1119 1231 1148 1276 et
1170 1230 1238 1300 ἁχρῑ.

185 1323 255 1386 βιιαν
269 1311 427 1368 Domitiani
444 1312 541 1380 novit,
563 1321 591 1368 et
614 1329 700 1385 quum
715 1312 829 1385 elegans
850 1310 1008 1368 formarum
1026 1322 1171 1386 spectator
1191 1313 1238 1370 ille

184 1414 258 1461 essct
272 1423 279 1460 ε
294 1404 350 1460 hoc
364 1403 439 1460 enim
451 1406 514 1460 vult
526 1422 581 1478 per
595 1405 698 1459 oculos.
713 1402 758 1457 Ita
775 1405 893 1458 Hercule
907 1405 1059 1480 Epitrup„
1073 1424 1100 1461 v.
1117 1423 1154 1461 22
1170 1425 1178 1460 ε

294 1625 300 1639 .
313 1627 320 1640 .
333 1589 431 1653 ..Quis
441 1605 547 1654 namque
560 1588 633 1638 omlis
647 1588 775 1639 certaverit
788 1604 889 1654 usqitun

293 1672 415 1732 Vindicis,
432 1672 550 1723 artificum
564 1681 656 1722 veteres
666 1688 808 1738 cognoscere
819 1671 920 1722 ductus?

1056 1773 1176 1832 Maur..

227 1877 399 1950 Maurusque
409 1893 508 1950 graues
521 1873 559 1951 (v.
575 1873 635 1952 58).
655 1877 678 1930 1.
692 1894 717 1929 e.
732 1875 878 1949 graviores
895 1893 981 1949 quam
995 1875 1049 1931 ulia
1063 1894 1129 1932 vasa
1144 1887 1172 1932 et
1179 1895 1239 1952 po·
1287 1921 1290 1928 ,

186 1969 260 2024 cula.
276 1970 374 2040 Quare
394 1987 455 2024 non
474 1979 536 2025 crat
554 1967 733 2043 praeferende
754 1967 840 2023 lectio
864 1967 928 2023 cod.
946 1967 1032 2023 Paris.
1056 1979 1085 2024 et
1102 1969 1148 2026 ed.
1166 1988 1211 2044 pr.
1231 1991 1239 2026 t

187 2078 380 2134 murrasque
399 2079 505 2134 puer.»
526 2063 566 2116 At
584 2079 668 2117 versu
684 2059 788 2116 abhinc
803 2053 888 2116 tertio
906 2059 1008 2116 Markl.
1028 2060 1155 2134 speciose
1173 2080 1240 2118 cor-

185 2153 264 2208 rexit
282 2155 360 2208 clare
373 2172 460 2229 puer,
477 2155 516 2210 ob
529 2171 610 2228 seqq.

228 2259 363 2316 Pulchra·
373 2257 509 2332 suesceret
526 2261 621 2334 gratia
631 2260 743 2331 sormoe
766 2256 804 2336 (v.
828 2257 891 2337 66).
915 2259 979 2315 Hoc
993 2258 1039 2314 vel
1059 2257 1089 2313 iu
1107 2260 1240 2336 vulgares

187 2351 375 2427 grammatica
388 2353 464 2429 leges
479 2363 584 2426 peccat.
592 2352 736 2409 Domitius
746 2370 753 2406 τ
758 2353 907 2425 fuscetur,
921 2351 1002 2426 quod
1014 2369 1075 2407 non
1086 2351 1241 2425 depravas·

187 2455 251 2500 sent
268 2444 394 2515 librarii3
412 2443 464 2501 scd
486 2445 633 2521 ingeniose
651 2455 680 2500 et
701 2444 763 2501 veri
776 2444 915 2501 simillime
929 2446 1073 2513 Gronov„
1100 2462 1129 2517 p.
1150 2461 1209 2520 ²¹9
1232 2465 1239 2500 ι

187 2561 200 2587 ιι
208 2537 317 2612 gaudia
329 2537 440 2608 iormae,
450 2561 463 2588 a
482 2535 572 2612 magis
586 2536 670 2593 etiam
687 2535 887 2594 confirmatum
903 2556 919 2593 a
932 2536 1036 2592 Markl.
1050 2536 1088 2592 ad
1102 2537 1131 2592 h.
1146 2539 1164 2592 l

229 2643 363 2699 Nondum
376 2643 499 2717 pulchra
513 2642 594 2697 ducis
607 2643 758 2698 clementia
774 2641 811 2720 (v.
828 2643 865 2715 73
886 2639 971 2722 sqq.).
977 2645 1078 2698 Postea
1092 2641 1168 2699 enim
1181 2646 1241 2700 Do·

186 2735 322 2794 mitianus
331 2735 423 2812 legem
437 2735 518 2805 tulit,
533 2753 597 2809 quae
611 2735 727 2791 castrari
741 2754 832 2792 mares
844 2733 1009 2810 prohibuit,
1022 2734 1240 2809 spadonumque

186 2827 296 2901 pretia,
310 2847 374 2902 qnae
387 2827 466 2901 apud
479 2844 634 2901 mangones
648 2838 744 2898 erant,
758 2827 905 2901 depressit.

228 2935 312 2989 Nunc
325 2945 427 2989 renea
439 2933 517 2988 solus
525 2929 563 3010 (v.
582 2928 641 3008 δι).
656 2933 719 2988 lloc
732 2943 878 3005 receperat
891 2932 995 2988 Marid.
1009 2931 1153 2989 eDomitii
1166 2951 1241 2989 con-

185 3027 320 3100 jactura:
335 3036 401 3100 post
418 3025 567 3080 inventum
583 3024 705 3080 totidem
723 3023 824 3084 litteris
837 3024 869 3080 in
881 3025 927 3082 ed.
946 3043 992 3100 pr.
1006 3036 1035 3082 et
1055 3025 1086 3081 in
1104 3025 1170 3081 cod.
1184 3028 1241 3082 Pa-

144 3095 152 3116 *
186 3119 251 3189 ris,
264 3118 348 3192 cujus
365 3137 466 3194 margo
487 3119 597 3191 prabet
609 3117 695 3173 etiam
709 3117 806 3173 cc'rrus.
821 3117 992 3174 Glossatoris
1007 3129 1049 3174 est
1068 3116 1153 3176 lectio
1174 3119 1239 3175 cod.

186 3210 311 3288 Rbedig.
327 3212 430 3267 :ericiis
438 3252 448 3279 ,
464 3229 551 3285 qnam
560 3210 718 3281 Weberus,
731 3209 816 3266 nimis
829 3209 938 3284 ubique
946 3209 988 3266 illi
1003 3207 1112 3282 fidens,
1122 3213 1239 3285 recepit.

228 3305 311 3360 Hunc
323 3323 396 3359 nova
410 3305 570 3378 tergemina
584 3303 733 3376 repetebat
747 3303 848 3358 Gratia
863 3305 969 3358 dextra
983 3299 1021 3379 (v.
1038 3299 1097 3380 83).
1119 3327 1131 3352 u
1146 3301 1237 3376 Repe-

188 3396 269 3451 tebat
280 3405 403 3469 cstsape
412 3395 546 3452 comebat
560 3415 567 3451 ι
583 3395 670 3450 immo
684 3405 713 3450 et
728 3413 819 3469 quum
834 3412 892 3451 non
907 3403 1050 3463 comeret,
1064 3411 1137 3469 sape
1152 3411 1238 3468 repc-

188 3489 269 3544 tebat
280 3488 358 3550 hunc
372 3486 478 3544 crinem
497 3495 525 3544 et
544 3489 621 3544 lenta
632 3507 721 3544 manu
737 3487 869 3544 ducebat.
884 3485 957 3542 Ideo
975 3486 1060 3542 etiam
1073 3485 1241 3568 uovapquia

188 3599 377 3656 quacumque
403 3581 503 3637 dextra
535 3593 602 3655 post
623 3583 707 3638 aliam
730 3581 938 3638 admovebatur
960 3578 1071 3654 capiti,
1094 3598 1242 3654 sempera

188 3674 287 3748 priore
303 3673 437 3749 proxima
455 3692 530 3730 nova
544 3685 621 3744 erut,
636 3671 776 3746 alia,nou
786 3672 901 3743 eadem,
917 3671 1007 3748 quum
1021 3671 1127 3746 triplex
1144 3672 1240 3730 Gratia

188 3765 254 3821 sit...
274 3765 388 3840 quoties
404 3765 480 3821 enirn
502 3765 667 3840 repetebat,
685 3785 757 3821 nova
778 3776 851 3836 erat,
877 3783 941 3838 qua
961 3763 1095 3839 proximo
1114 3765 1241 3820 alterove

190 3856 294 3911 ordine
308 3857 416 3912 minem
430 3856 596 3914 deduxerat.
608 3859 724 3913 »Gran
733 3897 742 3927 ,
751 3876 779 3930 p.
794 3875 860 3911 uuo.
869 3886 909 3897 —
924 3856 1031 3912 Saucia
1040 3875 1122 3912 coma
1136 3855 1243 3912 dicitur

189 3949 268 4017 Nisi,
283 3949 351 4024 quia
365 3959 463 4023 postea
477 3949 643 4005 vulneratus
662 3959 691 4004 et
711 3947 871 4004 trucidatus
885 3958 934 4004 est.
956 3945 1113 4026 (Pansam,
1134 3969 1161 4019 r,
1183 3945 1241 4024 ¹9·)

191 4039 233 4094 Cf.
253 4041 373 4096 Menan.

235 4145 400 4200 Portaverat
411 4165 483 4202 auro
495 4146 533 4225 (v.
551 4149 609 4225 94).
628 4149 719 4203 Acute
733 4145 837 4202 Markl.
853 4166 860 4201 :
879 4171 890 4196 ι
903 4143 1006 4202 orbe.»
