3172 5142
389 396 427 451 ⁹⁰
707 375 920 432 mesmes·
941 373 1054 430 nmen
1068 371 1132 426 vn.
1344 371 1381 434 (v.
1400 369 1458 424 ss„

336 545 358 558 ι
388 503 568 568 Terrarum
586 500 711 568 exuvire
731 500 872 584 circum,
890 512 923 566 et
940 497 1068 591 fastigia
1087 491 1200 590 templi

388 621 502 712 Captae
521 617 725 712 insignibant
744 633 874 712 gentes,
893 614 1072 709 caelataque
1088 613 1177 684 ferro

388 739 564 830 Fragmina
586 753 782 831 portarum,
809 735 1060 828 bellatricesque
1078 734 1218 819 carine,

386 859 432 925 Et
449 857 545 924 vacui
561 881 698 942 currus,
717 858 925 950 protritaque
943 855 1097 924 curribus
1117 877 1191 942 ora,

385 979 483 1045 Paene
498 976 599 1044 etiam
615 978 776 1070 gemitus;
794 976 877 1046 adeo
896 979 945 1044 vis
960 977 1086 1061 omnis,
1108 990 1142 1044 ct
1157 998 1256 1044 omne

386 1093 534 1166 Vulnusl
554 1095 680 1190 ubique
697 1097 822 1190 ipsum,
841 1096 899 1166 sed
917 1121 986 1166 non
1004 1119 1144 1190 usquam
1163 1119 1219 1166 ore
1235 1093 1381 1165 remisso

386 1220 534 1287 Cernere
553 1231 647 1286 erat:
665 1216 764 1286 talem
785 1216 899 1286 divina
917 1215 1084 1286 Mulciber
1103 1230 1174 1284 arte

386 1334 547 1406 Ediderat
563 1360 571 1404 :
589 1335 740 1406 nondum
760 1335 862 1406 radiis
879 1351 1084 1430 monstratus
1100 1333 1229 1408 adulter

385 1456 485 1526 Foeda
504 1471 659 1526 catenato
677 1454 784 1526 luerat
803 1457 972 1526 connubia
992 1455 1090 1526 lecto.
1137 1543 1140 1550 Δ

435 1579 594 1666 Quaerere
615 1575 816 1670 templorum
837 1601 949 1672 regem
970 1578 1025 1646 vix
1044 1590 1190 1670 coeperat
1205 1575 1271 1646 ales

386 1695 581 1784 Maenalius,
602 1697 712 1764 tremit
729 1721 805 1766 ecce
822 1695 950 1784 solum,
972 1712 1006 1766 et
1021 1699 1153 1793 mugire
1170 1696 1321 1766 refractis

387 1819 551 1912 Corniger
570 1817 701 1886 Hebrus
717 1818 813 1910 aquis
828 1843 836 1887 ε
850 1832 932 1888 tunc
947 1817 1039 1912 quod
1059 1842 1160 1913 pecus
1179 1815 1259 1886 utile
1276 1814 1373 1886 bellis

386 1937 517 2009 Vallem
532 1936 726 2024 infestabat,
747 1937 893 2033 trepidas
908 1963 1062 2033 spumare
1081 1963 1143 2033 per
1155 1937 1293 2022 herbas,

387 2063 487 2154 Signa
507 2057 736 2146 adventantis;
756 2057 941 2153 clausaeque
960 2059 1136 2130 adamante
1154 2059 1293 2153 perenni

386 2179 568 2253 Dissiluere
585 2180 675 2252 lores
692 2205 700 2250 s
718 2185 875 2274 Hyrcano
894 2181 928 2249 in
945 2181 1107 2276 sanguine
1124 2178 1264 2274 pulcher

385 2305 460 2397 lpse
478 2301 569 2370 subit
588 2324 707 2388 curru,
726 2299 867 2394 diraque
885 2301 1082 2396 adspergine
1100 2301 1184 2370 latos

386 2424 495 2491 Mutat
511 2445 610 2516 agros
625 2445 634 2489 τ
650 2419 756 2516 spolia
773 2445 793 2490 a
812 2435 922 2516 tergo,
941 2421 1122 2516 flentesque
1139 2435 1288 2492 caterve.

386 2545 476 2613 Dant
495 2540 602 2628 silvae,
622 2542 746 2635 uixque
759 2539 827 2611 alta
844 2539 955 2614 locum
970 2568 978 2610 ε
998 2545 1083 2637 regit
1100 2557 1173 2612 atra
1188 2539 1320 2636 jugales

386 2665 576 2758 sanguinea
595 2662 732 2734 Rellona
750 2689 872 2752 mann,
889 2663 1055 2758 longaque
1074 2663 1193 2759 fatigat

386 2782 533 2879 Cuspide
550 2809 559 2852 ε
575 2783 716 2878 diriguit
731 2786 805 2854 visu
823 2783 973 2880 Cyllenia
991 2783 1119 2879 proles,

386 2905 614 2997 submisitque
632 2928 732 2998 genas
751 2906 840 2998 :ipsi
859 2908 1045 2974 reverentia
1065 2907 1173 3000 patri,

386 3027 419 3094 Si
435 3048 541 3120 prope
558 3025 621 3110 sit,
638 3022 817 3120 dematque
835 3027 961 3115 minas,
981 3053 1042 3096 nec
1061 3025 1141 3098 talia
1157 3024 1304 3098 mandet

435 3145 561 3234 «Quod
572 3146 663 3216 lovis
679 3145 878 3241 imperium?
890 3171 1014 3242 magno
1027 3147 1109 3242 quid
1121 3147 1164 3216 ab
1175 3148 1298 3218 ethere
1305 3147 1438 3242 portas?

358 3247 363 3256 Ι
387 3269 530 3355 Occupat
543 3268 764 3356 Armipotensz
778 3291 878 3359 neque
889 3273 972 3336 enim
983 3269 1088 3354 huno,
1101 3293 1263 3354 germane,
1275 3270 1337 3336 sub
1350 3261 1440 3336 axem

387 3386 511 3478 Sponte
528 3383 640 3473 venis,
658 3383 850 3480 hiemesque
868 3411 979 3475 meas,
997 3389 1050 3458 cui
1070 3388 1200 3458 roscida
1215 3389 1313 3482 juxta

386 3502 546 3592 Maenala,
565 3519 600 3574 et
615 3505 720 3576 aestivi
739 3505 934 3578 clementior
949 3533 1028 3578 sura
1048 3512 1197 3604 Lycei.»

435 3622 495 3694 llle
513 3624 615 3696 refert
632 3625 784 3698 consulta
802 3629 931 3722 patris:
949 3654 1009 3699 nec
1029 3629 1130 3727 longa
1146 3645 1313 3715 moratus,

387 3746 482 3815 Sicut
500 3744 703 3817 anhelabant
715 3748 834 3841 juncto
851 3749 974 3819 sudore
993 3749 1143 3820 volantes

388 3866 482 3934 Mars
499 3864 641 3960 impellit
656 3891 777 3960 equos,
795 3869 984 3964 residesque
1005 3873 1039 3940 in
1055 3872 1173 3967 proelia
1191 3873 1314 3943 Graios

389 3985 465 4077 lpse
485 3985 584 4056 etiam
603 3986 781 4082 indignans
801 4016 808 4058 :
827 3990 910 4060 vidit
925 4006 1023 4088 pater
1039 3992 1140 4080 altus,
1160 4008 1195 4063 et
1208 3993 1258 4063 ira

1451 367 1461 407 l
