<?xml version="1.0" encoding="UTF-8"?>
<!DOCTYPE html PUBLIC "-//W3C//DTD XHTML 1.0 Transitional//EN"
    "http://www.w3.org/TR/xhtml1/DTD/xhtml1-transitional.dtd">
<html xmlns="http://www.w3.org/1999/xhtml" xml:lang="en" lang="en">
 <head>
  <title>
</title>
<meta http-equiv="Content-Type" content="text/html;charset=utf-8" />
  <meta name='ocr-system' content='tesseract 3.04.00' />
  <meta name='ocr-capabilities' content='ocr_page ocr_carea ocr_par ocr_line ocrx_word'/>
</head>
<body>
  <div class='ocr_page' id='page_1' title='image "./operaquaeextant00dbgoog_0564.png"; bbox 0 0 3094 5140; ppageno 0'>
   <div class='ocr_carea' id='block_1_1' title="bbox 101 535 1153 603">
    <p class='ocr_par' dir='ltr' id='par_1_1' title="bbox 101 535 1153 603">
     <span class='ocr_line' id='line_1_1' title="bbox 101 535 1153 603; baseline -0.002 -13"><span class='ocrx_word' id='word_1_1' title='bbox 101 539 220 603; x_wconf 57' lang='lat' dir='ltr'><strong>(emt.)</strong></span> <span class='ocrx_word' id='word_1_2' title='bbox 407 537 620 592; x_wconf 79' lang='lat' dir='ltr'><strong>THEBAIDOS</strong></span> <span class='ocrx_word' id='word_1_3' title='bbox 643 535 751 591; x_wconf 79' lang='lat' dir='ltr'>LIBER</span> <span class='ocrx_word' id='word_1_4' title='bbox 776 535 825 588; x_wconf 79' lang='lat' dir='ltr'><strong>xl.</strong></span> <span class='ocrx_word' id='word_1_5' title='bbox 1098 535 1153 589; x_wconf 69' lang='lat' dir='ltr'><strong>uui</strong></span> 
     </span>
    </p>
   </div>
   <div class='ocr_carea' id='block_1_2' title="bbox 64 662 1142 3059">
    <p class='ocr_par' dir='ltr' id='par_1_2' title="bbox 101 662 1106 1122">
     <span class='ocr_line' id='line_1_2' title="bbox 102 662 1069 760; baseline -0.008 -28"><span class='ocrx_word' id='word_1_6' title='bbox 102 668 209 760; x_wconf 88' lang='lat' dir='ltr'><strong>Injice</strong></span> <span class='ocrx_word' id='word_1_7' title='bbox 224 664 397 751; x_wconf 75' lang='lat' dir='ltr'>funeribus</span> <span class='ocrx_word' id='word_1_8' title='bbox 412 675 616 732; x_wconf 82' lang='lat' dir='ltr'><strong>:cunctatur</strong></span> <span class='ocrx_word' id='word_1_9' title='bbox 631 663 745 730; x_wconf 86' lang='lat' dir='ltr'><strong>nescia</strong></span> <span class='ocrx_word' id='word_1_10' title='bbox 764 662 859 754; x_wconf 89' lang='lat' dir='ltr'><strong>virgo</strong></span> <span class='ocrx_word' id='word_1_11' title='bbox 1063 749 1069 760; x_wconf 89' lang='lat'>.</span> 
     </span>
     <span class='ocr_line' id='line_1_3' title="bbox 102 779 1106 880; baseline -0.004 -26"><span class='ocrx_word' id='word_1_12' title='bbox 102 785 200 874; x_wconf 89' lang='lat' dir='ltr'><strong>Quid</strong></span> <span class='ocrx_word' id='word_1_13' title='bbox 220 800 315 880; x_wconf 89' lang='lat' dir='ltr'><strong>paret</strong></span> <span class='ocrx_word' id='word_1_14' title='bbox 331 782 548 878; x_wconf 87' lang='lat' dir='ltr'><strong>:impediunt</strong></span> <span class='ocrx_word' id='word_1_15' title='bbox 567 785 642 862; x_wconf 81' lang='lat' dir='ltr'><strong>iter,</strong></span> <span class='ocrx_word' id='word_1_16' title='bbox 663 779 910 875; x_wconf 69' lang='lat' dir='ltr'><strong>implicitosque</strong></span> <span class='ocrx_word' id='word_1_17' title='bbox 929 797 1106 852; x_wconf 87' lang='lat' dir='ltr'><strong>morantur</strong></span> 
     </span>
     <span class='ocr_line' id='line_1_4' title="bbox 101 893 958 998; baseline -0.009 -20"><span class='ocrx_word' id='word_1_18' title='bbox 101 913 229 994; x_wconf 85' lang='lat' dir='ltr'><strong>Arma,</strong></span> <span class='ocrx_word' id='word_1_19' title='bbox 250 907 340 994; x_wconf 79' lang='lat' dir='ltr'><strong>riri,</strong></span> <span class='ocrx_word' id='word_1_20' title='bbox 352 929 488 992; x_wconf 86' lang='lat' dir='ltr'><strong>currus,</strong></span> <span class='ocrx_word' id='word_1_21' title='bbox 507 902 641 998; x_wconf 85' lang='lat' dir='ltr'><strong>altaque</strong></span> <span class='ocrx_word' id='word_1_22' title='bbox 659 905 695 972; x_wconf 94' lang='lat' dir='ltr'><strong>in</strong></span> <span class='ocrx_word' id='word_1_23' title='bbox 710 917 822 998; x_wconf 80' lang='lat' dir='ltr'><strong>strage</strong></span> <span class='ocrx_word' id='word_1_24' title='bbox 838 893 958 971; x_wconf 88' lang='lat' dir='ltr'><strong>seniles</strong></span> 
     </span>
     <span class='ocr_line' id='line_1_5' title="bbox 103 1021 952 1122; baseline -0.008 -25"><span class='ocrx_word' id='word_1_25' title='bbox 103 1025 277 1098; x_wconf 84' lang='lat' dir='ltr'><strong>Deficiunt</strong></span> <span class='ocrx_word' id='word_1_26' title='bbox 296 1051 446 1122; x_wconf 87' lang='lat' dir='ltr'><strong>gressus,</strong></span> <span class='ocrx_word' id='word_1_27' title='bbox 466 1039 499 1094; x_wconf 91' lang='lat' dir='ltr'><strong>et</strong></span> <span class='ocrx_word' id='word_1_28' title='bbox 521 1024 588 1092; x_wconf 81' lang='lat' dir='ltr'><strong>dux</strong></span> <span class='ocrx_word' id='word_1_29' title='bbox 606 1022 796 1091; x_wconf 87' lang='lat' dir='ltr'><strong>miseranda</strong></span> <span class='ocrx_word' id='word_1_30' title='bbox 813 1021 952 1092; x_wconf 87' lang='lat' dir='ltr'><strong>laborat.</strong></span> 
     </span>
    </p>

    <p class='ocr_par' dir='ltr' id='par_1_3' title="bbox 103 1142 911 1242">
     <span class='ocr_line' id='line_1_6' title="bbox 103 1142 911 1242; baseline -0.007 -24"><span class='ocrx_word' id='word_1_31' title='bbox 103 1153 155 1218; x_wconf 89' lang='lat' dir='ltr'><strong>Ut</strong></span> <span class='ocrx_word' id='word_1_32' title='bbox 170 1149 309 1242; x_wconf 71' lang='lat' dir='ltr'><strong>quaesita</strong></span> <span class='ocrx_word' id='word_1_33' title='bbox 325 1147 388 1215; x_wconf 87' lang='lat' dir='ltr'><strong>diu.</strong></span> <span class='ocrx_word' id='word_1_34' title='bbox 403 1144 600 1214; x_wconf 88' lang='lat' dir='ltr'><strong>monstravit</strong></span> <span class='ocrx_word' id='word_1_35' title='bbox 619 1167 762 1237; x_wconf 86' lang='lat' dir='ltr'><strong>corpora</strong></span> <span class='ocrx_word' id='word_1_36' title='bbox 782 1142 911 1213; x_wconf 87' lang='lat' dir='ltr'><strong>clamor</strong></span> 
     </span>
    </p>

    <p class='ocr_par' dir='ltr' id='par_1_4' title="bbox 104 1263 904 1364">
     <span class='ocr_line' id='line_1_7' title="bbox 104 1263 904 1364; baseline -0.01 -24"><span class='ocrx_word' id='word_1_37' title='bbox 104 1269 277 1364; x_wconf 83' lang='lat' dir='ltr'><strong>Virginis,</strong></span> <span class='ocrx_word' id='word_1_38' title='bbox 299 1268 455 1336; x_wconf 80' lang='lat' dir='ltr'><strong>insternit</strong></span> <span class='ocrx_word' id='word_1_39' title='bbox 472 1279 562 1334; x_wconf 87' lang='lat' dir='ltr'><strong>totos</strong></span> <span class='ocrx_word' id='word_1_40' title='bbox 583 1263 781 1360; x_wconf 84' lang='lat' dir='ltr'><strong>frigentibus</strong></span> <span class='ocrx_word' id='word_1_41' title='bbox 801 1279 904 1334; x_wconf 88' lang='lat' dir='ltr'><strong>artus.</strong></span> 
     </span>
    </p>

    <p class='ocr_par' dir='ltr' id='par_1_5' title="bbox 106 1383 987 1604">
     <span class='ocr_line' id='line_1_8' title="bbox 106 1383 987 1484; baseline -0.006 -23"><span class='ocrx_word' id='word_1_42' title='bbox 106 1394 180 1461; x_wconf 91' lang='lat' dir='ltr'><strong>Nec</strong></span> <span class='ocrx_word' id='word_1_43' title='bbox 198 1416 264 1461; x_wconf 82' lang='lat' dir='ltr'><strong>vox</strong></span> <span class='ocrx_word' id='word_1_44' title='bbox 280 1387 346 1459; x_wconf 91' lang='lat' dir='ltr'><strong>ulla</strong></span> <span class='ocrx_word' id='word_1_45' title='bbox 365 1383 436 1458; x_wconf 82' lang='lat' dir='ltr'><strong>seni</strong></span> <span class='ocrx_word' id='word_1_46' title='bbox 456 1416 463 1456; x_wconf 95' lang='lat'><strong>:</strong></span> <span class='ocrx_word' id='word_1_47' title='bbox 480 1390 582 1482; x_wconf 87' lang='lat' dir='ltr'><strong>jacet,</strong></span> <span class='ocrx_word' id='word_1_48' title='bbox 601 1389 823 1484; x_wconf 82' lang='lat' dir='ltr'><strong>immugitque</strong></span> <span class='ocrx_word' id='word_1_49' title='bbox 841 1389 987 1458; x_wconf 67' lang='lat' dir='ltr'><strong>cruentis</strong></span> 
     </span>
     <span class='ocr_line' id='line_1_9' title="bbox 106 1508 970 1604; baseline -0.006 -22"><span class='ocrx_word' id='word_1_50' title='bbox 106 1510 331 1595; x_wconf 85' lang='lat' dir='ltr'><strong>Vulneribus,</strong></span> <span class='ocrx_word' id='word_1_51' title='bbox 351 1509 532 1578; x_wconf 85' lang='lat' dir='ltr'><strong>necverba</strong></span> <span class='ocrx_word' id='word_1_52' title='bbox 552 1508 611 1577; x_wconf 94' lang='lat' dir='ltr'><strong>diu</strong></span> <span class='ocrx_word' id='word_1_53' title='bbox 629 1523 970 1604; x_wconf 76' lang='lat' dir='ltr'><strong>tentatasequuntur.</strong></span> 
     </span>
    </p>

    <p class='ocr_par' dir='ltr' id='par_1_6' title="bbox 105 1628 993 1846">
     <span class='ocr_line' id='line_1_10' title="bbox 105 1628 993 1726; baseline -0.006 -23"><span class='ocrx_word' id='word_1_54' title='bbox 105 1637 199 1703; x_wconf 90' lang='lat' dir='ltr'><strong>Dum</strong></span> <span class='ocrx_word' id='word_1_55' title='bbox 214 1645 343 1701; x_wconf 85' lang='lat' dir='ltr'><strong>tractat·</strong></span> <span class='ocrx_word' id='word_1_56' title='bbox 354 1628 487 1724; x_wconf 85' lang='lat' dir='ltr'><strong>galeas,¹</strong></span> <span class='ocrx_word' id='word_1_57' title='bbox 499 1644 600 1723; x_wconf 88' lang='lat' dir='ltr'><strong>atque</strong></span> <span class='ocrx_word' id='word_1_58' title='bbox 617 1654 677 1698; x_wconf 87' lang='lat' dir='ltr'><strong>ora</strong></span> <span class='ocrx_word' id='word_1_59' title='bbox 697 1629 835 1700; x_wconf 87' lang='lat' dir='ltr'><strong>latentia</strong></span> <span class='ocrx_word' id='word_1_60' title='bbox 855 1631 993 1726; x_wconf 81' lang='lat' dir='ltr'><strong>quaerit,</strong></span> 
     </span>
     <span class='ocr_line' id='line_1_11' title="bbox 105 1747 958 1846; baseline -0.001 -26"><span class='ocrx_word' id='word_1_61' title='bbox 105 1747 257 1820; x_wconf 79' lang='lat' dir='ltr'><strong>Tandem</strong></span> <span class='ocrx_word' id='word_1_62' title='bbox 275 1765 369 1819; x_wconf 89' lang='lat' dir='ltr'><strong>muta</strong></span> <span class='ocrx_word' id='word_1_63' title='bbox 388 1750 500 1819; x_wconf 90' lang='lat' dir='ltr'><strong>surens</strong></span> <span class='ocrx_word' id='word_1_64' title='bbox 521 1751 651 1845; x_wconf 89' lang='lat' dir='ltr'><strong>genitor</strong></span> <span class='ocrx_word' id='word_1_65' title='bbox 674 1751 814 1846; x_wconf 88' lang='lat' dir='ltr'><strong>suspiria</strong></span> <span class='ocrx_word' id='word_1_66' title='bbox 831 1749 958 1821; x_wconf 82' lang='lat' dir='ltr'><strong>solvit:</strong></span> 
     </span>
    </p>

    <p class='ocr_par' dir='ltr' id='par_1_7' title="bbox 106 1869 1142 2207">
     <span class='ocr_line' id='line_1_12' title="bbox 158 1869 1142 1967; baseline 0.004 -32"><span class='ocrx_word' id='word_1_67' title='bbox 158 1871 298 1940; x_wconf 77' lang='lat' dir='ltr'><strong>«Tarda</strong></span> <span class='ocrx_word' id='word_1_68' title='bbox 318 1895 446 1958; x_wconf 89' lang='lat' dir='ltr'><strong>meam,</strong></span> <span class='ocrx_word' id='word_1_69' title='bbox 466 1872 590 1965; x_wconf 85' lang='lat' dir='ltr'><strong>pietas,</strong></span> <span class='ocrx_word' id='word_1_70' title='bbox 607 1869 709 1967; x_wconf 90' lang='lat' dir='ltr'><strong>longo</strong></span> <span class='ocrx_word' id='word_1_71' title='bbox 728 1885 804 1966; x_wconf 88' lang='lat' dir='ltr'><strong>post</strong></span> <span class='ocrx_word' id='word_1_72' title='bbox 826 1886 975 1966; x_wconf 87' lang='lat' dir='ltr'><strong>tempore</strong></span> <span class='ocrx_word' id='word_1_73' title='bbox 996 1887 1142 1942; x_wconf 90' lang='lat' dir='ltr'><strong>mentem</strong></span> 
     </span>
     <span class='ocr_line' id='line_1_13' title="bbox 106 1990 1057 2063; baseline -0.002 -1"><span class='ocrx_word' id='word_1_74' title='bbox 106 1992 277 2062; x_wconf 83' lang='lat' dir='ltr'><strong>Percutis?</strong></span> <span class='ocrx_word' id='word_1_75' title='bbox 296 2006 388 2062; x_wconf 87' lang='lat' dir='ltr'><strong>estne</strong></span> <span class='ocrx_word' id='word_1_76' title='bbox 408 1993 469 2061; x_wconf 84' lang='lat' dir='ltr'><strong>sub</strong></span> <span class='ocrx_word' id='word_1_77' title='bbox 488 1991 552 2063; x_wconf 89' lang='lat' dir='ltr'><strong>lroc</strong></span> <span class='ocrx_word' id='word_1_78' title='bbox 572 1992 716 2060; x_wconf 87' lang='lat' dir='ltr'><strong>hominis</strong></span> <span class='ocrx_word' id='word_1_79' title='bbox 735 1990 1057 2062; x_wconf 76' lang='lat' dir='ltr'><strong>clementiacorde?</strong></span> 
     </span>
     <span class='ocr_line' id='line_1_14' title="bbox 108 2113 997 2207; baseline 0.001 -27"><span class='ocrx_word' id='word_1_80' title='bbox 108 2114 225 2182; x_wconf 88' lang='lat' dir='ltr'><strong>Vincis</strong></span> <span class='ocrx_word' id='word_1_81' title='bbox 242 2139 296 2183; x_wconf 92' lang='lat' dir='ltr'><strong>me</strong></span> <span class='ocrx_word' id='word_1_82' title='bbox 314 2114 493 2200; x_wconf 88' lang='lat' dir='ltr'><strong>miserum,</strong></span> <span class='ocrx_word' id='word_1_83' title='bbox 513 2113 637 2200; x_wconf 80' lang='lat' dir='ltr'><strong>vincis,</strong></span> <span class='ocrx_word' id='word_1_84' title='bbox 658 2127 793 2200; x_wconf 88' lang='lat' dir='ltr'><strong>natura,</strong></span> <span class='ocrx_word' id='word_1_85' title='bbox 813 2127 997 2207; x_wconf 89' lang='lat' dir='ltr'><strong>parentem.</strong></span> 
     </span>
    </p>

    <p class='ocr_par' dir='ltr' id='par_1_8' title="bbox 64 2233 1133 2572">
     <span class='ocr_line' id='line_1_15' title="bbox 64 2233 1056 2332; baseline -0.002 -28"><span class='ocrx_word' id='word_1_86' title='bbox 64 2328 66 2332; x_wconf 68' lang='lat'><strong>,</strong></span> <span class='ocrx_word' id='word_1_87' title='bbox 107 2238 162 2304; x_wconf 88' lang='lat' dir='ltr'><strong>En</strong></span> <span class='ocrx_word' id='word_1_88' title='bbox 179 2234 287 2304; x_wconf 89' lang='lat' dir='ltr'><strong>habeo</strong></span> <span class='ocrx_word' id='word_1_89' title='bbox 307 2235 470 2328; x_wconf 86' lang='lat' dir='ltr'><strong>gemitus,</strong></span> <span class='ocrx_word' id='word_1_90' title='bbox 488 2233 708 2328; x_wconf 76' lang='lat' dir='ltr'><strong>lacrymaeque</strong></span> <span class='ocrx_word' id='word_1_91' title='bbox 726 2258 785 2328; x_wconf 88' lang='lat' dir='ltr'><strong>per</strong></span> <span class='ocrx_word' id='word_1_92' title='bbox 805 2233 1056 2328; x_wconf 78' lang='lat' dir='ltr'><strong>aridaserpunt</strong></span> 
     </span>
     <span class='ocr_line' id='line_1_16' title="bbox 107 2344 1133 2450; baseline -0.001 -27"><span class='ocrx_word' id='word_1_93' title='bbox 107 2353 258 2424; x_wconf 88' lang='lat' dir='ltr'><strong>Vulnera</strong></span> <span class='ocrx_word' id='word_1_94' title='bbox 269 2406 279 2443; x_wconf 95' lang='lat'><strong>,</strong></span> <span class='ocrx_word' id='word_1_95' title='bbox 290 2371 334 2424; x_wconf 90' lang='lat' dir='ltr'><strong>et</strong></span> <span class='ocrx_word' id='word_1_96' title='bbox 352 2357 387 2424; x_wconf 95' lang='lat' dir='ltr'><strong>in</strong></span> <span class='ocrx_word' id='word_1_97' title='bbox 405 2353 520 2425; x_wconf 90' lang='lat' dir='ltr'><strong>molles</strong></span> <span class='ocrx_word' id='word_1_98' title='bbox 538 2356 690 2449; x_wconf 89' lang='lat' dir='ltr'><strong>sequitur</strong></span> <span class='ocrx_word' id='word_1_99' title='bbox 709 2344 830 2425; x_wconf 86' lang='lat' dir='ltr'><strong>manus</strong></span> <span class='ocrx_word' id='word_1_100' title='bbox 849 2357 952 2450; x_wconf 86' lang='lat' dir='ltr'><strong>impie</strong></span> <span class='ocrx_word' id='word_1_101' title='bbox 968 2354 1133 2450; x_wconf 86' lang='lat' dir='ltr'><strong>planctus.</strong></span> 
     </span>
     <span class='ocr_line' id='line_1_17' title="bbox 107 2471 905 2572; baseline 0 -26"><span class='ocrx_word' id='word_1_102' title='bbox 107 2478 261 2572; x_wconf 82' lang='lat' dir='ltr'><strong>Accipite</strong></span> <span class='ocrx_word' id='word_1_103' title='bbox 278 2475 423 2546; x_wconf 69' lang='lat' dir='ltr'><strong>infandae</strong></span> <span class='ocrx_word' id='word_1_104' title='bbox 441 2471 757 2572; x_wconf 79' lang='lat' dir='ltr'><strong>justuersequialia·</strong></span> <span class='ocrx_word' id='word_1_105' title='bbox 769 2479 905 2564; x_wconf 86' lang='lat' dir='ltr'><strong>morlis,</strong></span> 
     </span>
    </p>

    <p class='ocr_par' dir='ltr' id='par_1_9' title="bbox 105 2596 1066 3059">
     <span class='ocr_line' id='line_1_18' title="bbox 105 2596 994 2693; baseline 0.003 -27"><span class='ocrx_word' id='word_1_106' title='bbox 105 2596 284 2686; x_wconf 88' lang='lat' dir='ltr'><strong>Crudeles,</strong></span> <span class='ocrx_word' id='word_1_107' title='bbox 305 2600 514 2693; x_wconf 91' lang='lat' dir='ltr'><strong>nimiumque</strong></span> <span class='ocrx_word' id='word_1_108' title='bbox 534 2600 599 2667; x_wconf 92' lang='lat' dir='ltr'><strong>mei</strong></span> <span class='ocrx_word' id='word_1_109' title='bbox 620 2625 627 2668; x_wconf 92' lang='lat'><strong>:</strong></span> <span class='ocrx_word' id='word_1_110' title='bbox 650 2623 711 2668; x_wconf 92' lang='lat' dir='ltr'><strong>nec</strong></span> <span class='ocrx_word' id='word_1_111' title='bbox 729 2624 866 2668; x_wconf 87' lang='lat' dir='ltr'><strong>noscere</strong></span> <span class='ocrx_word' id='word_1_112' title='bbox 883 2615 994 2690; x_wconf 88' lang='lat' dir='ltr'><strong>natos,</strong></span> 
     </span>
     <span class='ocr_line' id='line_1_19' title="bbox 105 2717 1038 2816; baseline 0 -27"><span class='ocrx_word' id='word_1_113' title='bbox 105 2717 366 2813; x_wconf 82' lang='lat' dir='ltr'><strong>Alloquiumque</strong></span> <span class='ocrx_word' id='word_1_114' title='bbox 388 2734 503 2815; x_wconf 88' lang='lat' dir='ltr'><strong>aptare</strong></span> <span class='ocrx_word' id='word_1_115' title='bbox 519 2719 624 2806; x_wconf 78' lang='lat' dir='ltr'><strong>licet:</strong></span> <span class='ocrx_word' id='word_1_116' title='bbox 646 2719 718 2805; x_wconf 93' lang='lat' dir='ltr'><strong>dic,</strong></span> <span class='ocrx_word' id='word_1_117' title='bbox 736 2721 852 2816; x_wconf 87' lang='lat' dir='ltr'><strong>virgo,</strong></span> <span class='ocrx_word' id='word_1_118' title='bbox 872 2723 1038 2815; x_wconf 89' lang='lat' dir='ltr'><strong>precanti,</strong></span> 
     </span>
     <span class='ocr_line' id='line_1_20' title="bbox 106 2839 1049 2934; baseline -0.001 -25"><span class='ocrx_word' id='word_1_119' title='bbox 106 2841 222 2929; x_wconf 91' lang='lat' dir='ltr'><strong>Quem</strong></span> <span class='ocrx_word' id='word_1_120' title='bbox 238 2839 357 2910; x_wconf 82' lang='lat' dir='ltr'><strong>teneo?</strong></span> <span class='ocrx_word' id='word_1_121' title='bbox 377 2865 445 2934; x_wconf 93' lang='lat' dir='ltr'><strong>quo</strong></span> <span class='ocrx_word' id='word_1_122' title='bbox 466 2865 554 2910; x_wconf 93' lang='lat' dir='ltr'><strong>nunc</strong></span> <span class='ocrx_word' id='word_1_123' title='bbox 574 2855 701 2910; x_wconf 85' lang='lat' dir='ltr'><strong>vestras</strong></span> <span class='ocrx_word' id='word_1_124' title='bbox 720 2865 783 2934; x_wconf 88' lang='lat' dir='ltr'><strong>ego</strong></span> <span class='ocrx_word' id='word_1_125' title='bbox 802 2865 905 2910; x_wconf 89' lang='lat' dir='ltr'><strong>saevus</strong></span> <span class='ocrx_word' id='word_1_126' title='bbox 921 2841 1049 2911; x_wconf 88' lang='lat' dir='ltr'><strong>honore</strong></span> 
     </span>
     <span class='ocr_line' id='line_1_21' title="bbox 105 2947 1066 3059; baseline -0.001 -27"><span class='ocrx_word' id='word_1_127' title='bbox 105 2967 295 3059; x_wconf 86' lang='lat' dir='ltr'><strong>Prosequar</strong></span> <span class='ocrx_word' id='word_1_128' title='bbox 317 2964 475 3035; x_wconf 77' lang='lat' dir='ltr'><strong>inferias?</strong></span> <span class='ocrx_word' id='word_1_129' title='bbox 494 2989 515 3033; x_wconf 91' lang='grc' dir='ltr'>ο</span> <span class='ocrx_word' id='word_1_130' title='bbox 536 2966 563 3034; x_wconf 88' lang='lat' dir='ltr'><strong>si</strong></span> <span class='ocrx_word' id='word_1_131' title='bbox 584 2963 739 3034; x_wconf 81' lang='lat' dir='ltr'><strong>fodienda</strong></span> <span class='ocrx_word' id='word_1_132' title='bbox 758 2963 906 3033; x_wconf 90' lang='lat' dir='ltr'><strong>redirent</strong></span> <span class='ocrx_word' id='word_1_133' title='bbox 1062 2947 1066 2954; x_wconf 43' lang='grc'>’</span> 
     </span>
    </p>
   </div>
   <div class='ocr_carea' id='block_1_3' title="bbox 101 3077 1075 4374">
    <p class='ocr_par' dir='ltr' id='par_1_10' title="bbox 101 3077 1075 4374">
     <span class='ocr_line' id='line_1_22' title="bbox 105 3077 991 3185; baseline 0 -27"><span class='ocrx_word' id='word_1_134' title='bbox 105 3090 269 3179; x_wconf 89' lang='lat' dir='ltr'><strong>Lumine,</strong></span> <span class='ocrx_word' id='word_1_135' title='bbox 289 3106 324 3160; x_wconf 89' lang='lat' dir='ltr'><strong>et</strong></span> <span class='ocrx_word' id='word_1_136' title='bbox 342 3092 376 3160; x_wconf 95' lang='lat' dir='ltr'><strong>in</strong></span> <span class='ocrx_word' id='word_1_137' title='bbox 389 3077 507 3161; x_wconf 37' lang='lat' dir='ltr'><strong>&#39;vultus</strong></span> <span class='ocrx_word' id='word_1_138' title='bbox 528 3092 642 3162; x_wconf 83' lang='lat' dir='ltr'><strong>saevire</strong></span> <span class='ocrx_word' id='word_1_139' title='bbox 661 3117 702 3161; x_wconf 86' lang='lat' dir='ltr'><strong>ex</strong></span> <span class='ocrx_word' id='word_1_140' title='bbox 719 3115 812 3159; x_wconf 88' lang='lat' dir='ltr'><strong>more</strong></span> <span class='ocrx_word' id='word_1_141' title='bbox 831 3088 991 3185; x_wconf 85' lang='lat' dir='ltr'><strong>potestas!</strong></span> 
     </span>
     <span class='ocr_line' id='line_1_23' title="bbox 106 3197 978 3308; baseline 0 -29"><span class='ocrx_word' id='word_1_142' title='bbox 106 3213 182 3279; x_wconf 84' lang='lat' dir='ltr'><strong>Heu</strong></span> <span class='ocrx_word' id='word_1_143' title='bbox 203 3208 317 3282; x_wconf 86' lang='lat' dir='ltr'><strong>dolor!</strong></span> <span class='ocrx_word' id='word_1_144' title='bbox 338 3212 404 3282; x_wconf 90' lang='lat' dir='ltr'><strong>heu</strong></span> <span class='ocrx_word' id='word_1_145' title='bbox 420 3197 635 3308; x_wconf 73' lang='lat' dir='ltr'><strong>justolmagis</strong></span> <span class='ocrx_word' id='word_1_146' title='bbox 654 3211 809 3284; x_wconf 82' lang='lat' dir='ltr'><strong>exaudita</strong></span> <span class='ocrx_word' id='word_1_147' title='bbox 829 3213 978 3307; x_wconf 85' lang='lat' dir='ltr'><strong>parentis</strong></span> 
     </span>
     <span class='ocr_line' id='line_1_24' title="bbox 105 3330 1062 3429; baseline 0.001 -31"><span class='ocrx_word' id='word_1_148' title='bbox 105 3333 212 3419; x_wconf 87' lang='lat' dir='ltr'><strong>Vota,</strong></span> <span class='ocrx_word' id='word_1_149' title='bbox 231 3330 540 3428; x_wconf 82' lang='lat' dir='ltr'><strong>malaequepreces!</strong></span> <span class='ocrx_word' id='word_1_150' title='bbox 564 3336 718 3429; x_wconf 86' lang='lat' dir='ltr'><strong>quisnam</strong></span> <span class='ocrx_word' id='word_1_151' title='bbox 737 3333 801 3402; x_wconf 83' lang='lat' dir='ltr'><strong>fuit</strong></span> <span class='ocrx_word' id='word_1_152' title='bbox 820 3331 876 3401; x_wconf 89' lang='lat' dir='ltr'><strong>ille</strong></span> <span class='ocrx_word' id='word_1_153' title='bbox 895 3335 1062 3418; x_wconf 89' lang='lat' dir='ltr'><strong>Deorum,</strong></span> 
     </span>
     <span class='ocr_line' id='line_1_25' title="bbox 106 3435 964 3550; baseline -0.001 -27"><span class='ocrx_word' id='word_1_154' title='bbox 106 3451 178 3540; x_wconf 85' lang='lat' dir='ltr'><strong>Qui</strong></span> <span class='ocrx_word' id='word_1_155' title='bbox 199 3435 463 3524; x_wconf 84' lang='lat' dir='ltr'><strong>stetit-nrantem</strong></span> <span class='ocrx_word' id='word_1_156' title='bbox 477 3455 591 3550; x_wconf 87' lang='lat' dir='ltr'><strong>juxta,</strong></span> <span class='ocrx_word' id='word_1_157' title='bbox 611 3470 845 3550; x_wconf 77' lang='lat' dir='ltr'><strong>praeceptaque</strong></span> <span class='ocrx_word' id='word_1_158' title='bbox 863 3454 964 3523; x_wconf 85' lang='lat' dir='ltr'><strong>verba</strong></span> 
     </span>
     <span class='ocr_line' id='line_1_26' title="bbox 104 3569 920 3669; baseline 0 -27"><span class='ocrx_word' id='word_1_159' title='bbox 104 3573 255 3668; x_wconf 87' lang='lat' dir='ltr'><strong>Dictavit</strong></span> <span class='ocrx_word' id='word_1_160' title='bbox 272 3569 370 3650; x_wconf 81' lang='lat' dir='ltr'><strong>fatis?</strong></span> <span class='ocrx_word' id='word_1_161' title='bbox 386 3575 481 3660; x_wconf 80' lang='lat' dir='ltr'><strong>furor</strong></span> <span class='ocrx_word' id='word_1_162' title='bbox 497 3574 571 3662; x_wconf 91' lang='lat' dir='ltr'><strong>illa,</strong></span> <span class='ocrx_word' id='word_1_163' title='bbox 589 3591 621 3646; x_wconf 91' lang='lat' dir='ltr'><strong>et</strong></span> <span class='ocrx_word' id='word_1_164' title='bbox 636 3577 743 3647; x_wconf 88' lang='lat' dir='ltr'><strong>movit</strong></span> <span class='ocrx_word' id='word_1_165' title='bbox 759 3577 920 3669; x_wconf 87' lang='lat' dir='ltr'><strong>Erinnys,</strong></span> 
     </span>
     <span class='ocr_line' id='line_1_27' title="bbox 102 3695 1046 3792; baseline 0.003 -28"><span class='ocrx_word' id='word_1_166' title='bbox 102 3698 270 3790; x_wconf 77' lang='lat' dir='ltr'><strong>Etpater,</strong></span> <span class='ocrx_word' id='word_1_167' title='bbox 289 3710 323 3765; x_wconf 90' lang='lat' dir='ltr'><strong>et</strong></span> <span class='ocrx_word' id='word_1_168' title='bbox 342 3697 504 3792; x_wconf 86' lang='lat' dir='ltr'><strong>genitrix,</strong></span> <span class='ocrx_word' id='word_1_169' title='bbox 523 3713 557 3768; x_wconf 89' lang='lat' dir='ltr'><strong>et</strong></span> <span class='ocrx_word' id='word_1_170' title='bbox 576 3695 855 3792; x_wconf 87' lang='lat' dir='ltr'><strong>regna-oculique</strong></span> <span class='ocrx_word' id='word_1_171' title='bbox 872 3697 1046 3783; x_wconf 86' lang='lat' dir='ltr'><strong>cadentes;</strong></span> 
     </span>
     <span class='ocr_line' id='line_1_28' title="bbox 102 3813 958 3912; baseline 0 -26"><span class='ocrx_word' id='word_1_172' title='bbox 102 3813 161 3886; x_wconf 84' lang='lat' dir='ltr'><strong>Nil</strong></span> <span class='ocrx_word' id='word_1_173' title='bbox 181 3841 268 3911; x_wconf 90' lang='lat' dir='ltr'><strong>ego:</strong></span> <span class='ocrx_word' id='word_1_174' title='bbox 286 3840 346 3911; x_wconf 90' lang='lat' dir='ltr'><strong>per</strong></span> <span class='ocrx_word' id='word_1_175' title='bbox 362 3819 475 3886; x_wconf 89' lang='lat' dir='ltr'><strong>Ditem</strong></span> <span class='ocrx_word' id='word_1_176' title='bbox 490 3820 569 3912; x_wconf 85' lang='lat' dir='ltr'><strong>juro</strong></span> <span class='ocrx_word' id='word_1_177' title='bbox 588 3817 767 3912; x_wconf 89' lang='lat' dir='ltr'><strong>dulcesque</strong></span> <span class='ocrx_word' id='word_1_178' title='bbox 784 3817 958 3905; x_wconf 82' lang='lat' dir='ltr'><strong>tenebras,</strong></span> 
     </span>
     <span class='ocr_line' id='line_1_29' title="bbox 102 3936 1039 4034; baseline 0.004 -30"><span class='ocrx_word' id='word_1_179' title='bbox 102 3938 378 4031; x_wconf 88' lang='lat' dir='ltr'><strong>Immeritamque</strong></span> <span class='ocrx_word' id='word_1_180' title='bbox 398 3936 534 4028; x_wconf 87' lang='lat' dir='ltr'><strong>ducem,</strong></span> <span class='ocrx_word' id='word_1_181' title='bbox 554 3937 690 4008; x_wconf 86' lang='lat' dir='ltr'><strong>subeam</strong></span> <span class='ocrx_word' id='word_1_182' title='bbox 710 3940 757 4008; x_wconf 88' lang='lat' dir='ltr'><strong>sic</strong></span> <span class='ocrx_word' id='word_1_183' title='bbox 776 3942 916 4009; x_wconf 85' lang='lat' dir='ltr'><strong>Tartara</strong></span> <span class='ocrx_word' id='word_1_184' title='bbox 938 3937 1039 4034; x_wconf 87' lang='lat' dir='ltr'><strong>digua</strong></span> 
     </span>
     <span class='ocr_line' id='line_1_30' title="bbox 101 4058 882 4154; baseline 0.004 -28"><span class='ocrx_word' id='word_1_185' title='bbox 101 4059 233 4146; x_wconf 89' lang='lat' dir='ltr'><strong>Morte,</strong></span> <span class='ocrx_word' id='word_1_186' title='bbox 254 4083 315 4128; x_wconf 92' lang='lat' dir='ltr'><strong>nec</strong></span> <span class='ocrx_word' id='word_1_187' title='bbox 336 4060 419 4128; x_wconf 84' lang='lat' dir='ltr'><strong>irata</strong></span> <span class='ocrx_word' id='word_1_188' title='bbox 436 4058 544 4154; x_wconf 87' lang='lat' dir='ltr'><strong>fugiat</strong></span> <span class='ocrx_word' id='word_1_189' title='bbox 562 4085 615 4128; x_wconf 91' lang='lat' dir='ltr'><strong>me</strong></span> <span class='ocrx_word' id='word_1_190' title='bbox 635 4061 736 4130; x_wconf 85' lang='lat' dir='ltr'><strong>Laius</strong></span> <span class='ocrx_word' id='word_1_191' title='bbox 754 4062 882 4131; x_wconf 86' lang='lat' dir='ltr'><strong>umbra.</strong></span> 
     </span>
     <span class='ocr_line' id='line_1_31' title="bbox 101 4163 1075 4274; baseline 0.004 -29"><span class='ocrx_word' id='word_1_192' title='bbox 101 4178 165 4246; x_wconf 89' lang='lat' dir='ltr'><strong>Hei</strong></span> <span class='ocrx_word' id='word_1_193' title='bbox 183 4178 283 4261; x_wconf 90' lang='lat' dir='ltr'><strong>mihi,</strong></span> <span class='ocrx_word' id='word_1_194' title='bbox 303 4204 388 4273; x_wconf 89' lang='lat' dir='ltr'><strong>quos</strong></span> <span class='ocrx_word' id='word_1_195' title='bbox 407 4204 510 4249; x_wconf 83' lang='lat' dir='ltr'><strong>nexus</strong></span> <span class='ocrx_word' id='word_1_196' title='bbox 526 4163 684 4267; x_wconf 79' lang='lat' dir='ltr'><strong>fratrum,</strong></span> <span class='ocrx_word' id='word_1_197' title='bbox 700 4205 774 4274; x_wconf 83' lang='lat' dir='ltr'><strong>quae</strong></span> <span class='ocrx_word' id='word_1_198' title='bbox 795 4177 934 4249; x_wconf 84' lang='lat' dir='ltr'><strong>vulnera</strong></span> <span class='ocrx_word' id='word_1_199' title='bbox 953 4177 1075 4251; x_wconf 87' lang='lat' dir='ltr'><strong>tracto!</strong></span> 
     </span>
     <span class='ocr_line' id='line_1_32' title="bbox 253 4298 1005 4374; baseline 0.003 -6"><span class='ocrx_word' id='word_1_200' title='bbox 253 4325 288 4369; x_wconf 90' lang='lat' dir='ltr'><strong>u.</strong></span> <span class='ocrx_word' id='word_1_201' title='bbox 473 4367 476 4374; x_wconf 80' lang='grc'><em>,</em></span> <span class='ocrx_word' id='word_1_202' title='bbox 612 4325 615 4331; x_wconf 81' lang='lat'>·</span> <span class='ocrx_word' id='word_1_203' title='bbox 966 4298 1005 4370; x_wconf 83' lang='lat'><strong>15</strong></span> 
     </span>
    </p>
   </div>
   <div class='ocr_carea' id='block_1_4' title="bbox 0 0 1552 5140">
    <p class='ocr_par' dir='ltr' id='par_1_11' title="bbox 0 0 1552 5140">
     <span class='ocr_line' id='line_1_33' title="bbox 0 0 1552 5140; baseline 0 0"><span class='ocrx_word' id='word_1_204' title='bbox 0 0 1552 5140; x_wconf 95' lang='lat' dir='ltr'><strong> </strong></span> 
     </span>
    </p>
   </div>
  </div>
 </body>
</html>
