3200 5142
387 474 445 512 ano
690 455 907 514 THEBAIDOS
928 457 1039 512 LIBER
1061 457 1116 511 111.
1340 457 1437 520 (unt)

372 580 556 675 ¹Fluctibus
576 583 681 651 Ioniis
701 582 852 652 Calabrae
873 580 972 650 datus
992 583 1118 651 arbiter
1141 579 1236 668 alno,

383 705 456 774 Nec
473 700 567 772 rudis
584 702 768 792 undarum,
786 717 906 798 portus
924 701 980 772 sed
1002 701 1153 796 linquere
1169 704 1292 771 amicos

382 823 504 892 Purior
520 821 635 892 Olenii
656 823 779 892 frustra
797 823 921 920 gradus
943 820 1078 918 impulit
1098 825 1197 910 astri;

381 947 499 1034 Quum
520 943 633 1040 fragor
650 944 791 1039 hyberni
807 945 937 1015 subitus
954 945 1064 1034 Iovis,
1082 945 1195 1015 omnia
1213 945 1328 1016 mundi

381 1062 537 1136 Claustra
558 1079 697 1150 tonant,
715 1062 908 1158 multusque
928 1064 1023 1160 polos
1041 1063 1180 1135 inclinat
1198 1067 1322 1153 Orion;

380 1187 457 1281 lpse
476 1184 613 1279 quidem
632 1183 747 1254 mallet
766 1201 890 1272 terras,
910 1201 1106 1282 pugnatque
1127 1187 1268 1274 reverti,

381 1307 460 1374 Fert
476 1307 595 1402 ingens
612 1330 632 1374 a
651 1330 765 1400 puppe
786 1307 921 1376 Notus:
940 1320 1021 1376 tunc
1039 1321 1110 1376 arte
1127 1303 1244 1376 relicta

382 1426 545 1521 Ingemit,
562 1439 596 1496 et
610 1449 713 1496 caecas
732 1426 884 1520 sequitur
897 1427 968 1520 jam
985 1429 1118 1496 nescius
1136 1425 1252 1496 undas.

379 1543 470 1619 Talis
489 1548 684 1641 Agenoreus
703 1546 838 1632 ductor,
858 1545 1008 1642 coeloque
1024 1561 1210 1618 morantem

381 1665 594 1755 Luciferum,
610 1682 646 1737 et
666 1692 757 1737 seros
775 1669 994 1737 maerentibus
1012 1670 1163 1762 increpat
1183 1683 1288 1740 ortus.

432 1790 518 1856 Ecce
538 1787 600 1855 sub
621 1785 778 1879 occiduas
795 1811 898 1858 versae
913 1789 983 1881 jam
1003 1789 1110 1856 noctis
1129 1789 1292 1878 habenas,

380 1911 624 2001 astrorumque
641 1906 775 1996 obitus,
793 1907 851 1976 ubi
868 1909 1016 2002 primum
1032 1909 1174 1976 maxima
1196 1907 1320 2002 Tethys

381 2025 524 2122 Impulit
543 2031 614 2098 Eoo
628 2041 842 2098 cunctantem
865 2029 1058 2122 Hyperiona
1074 2043 1200 2122 ponto,

381 2151 453 2218 lma
473 2145 816 2243 flagellatisysignum
835 2145 978 2242 lugubre
994 2146 1184 2236 malorum,

379 2268 591 2338 Ponderibus
611 2267 792 2362 trepidavit
806 2266 950 2355 humus,
972 2282 1150 2362 motusque
1171 2269 1343 2338 Cithaeron

378 2390 544 2484 Antiquae
563 2387 657 2457 dedit
673 2388 721 2457 ire
738 2389 853 2458 nives:
873 2402 954 2457 tunc
970 2389 1040 2457 visa
1057 2386 1161 2456 levari

377 2507 554 2598 Culmina,
572 2493 781 2604 septenaque
794 2509 878 2604 jugo
899 2532 1101 2578 concurrere
1119 2523 1233 2602 portae.

426 2635 470 2700 Et
488 2655 596 2726 prope
611 2644 690 2699 sunt
710 2654 817 2699 causae
834 2655 841 2698 :
861 2627 972 2723 gelido
992 2629 1164 2699 remeabat
1180 2633 1252 2700 Eoo

380 2756 490 2822 Iratus
508 2753 604 2842 fatis,
623 2767 657 2820 et
680 2753 783 2822 tristis
800 2765 910 2820 morte
927 2767 1047 2848 negata

380 2871 612 2944 Hemonidest
625 2895 687 2940 nec
705 2871 787 2940 dum
807 2895 867 2940 ora
883 2885 1020 2966 patent,
1039 2869 1229 2966 dubiusque
1248 2874 1359 2944 notari

379 2992 481 3088 Signa
503 2990 604 3062 dabat
622 3015 752 3087 magne
772 2988 872 3086 longe
890 2991 1067 3061 manifesta
1087 2995 1207 3080 ruinae,

379 3109 586 3206 Planctuque
601 3125 636 3181 et
651 3111 799 3207 gemitu:
815 3109 976 3204 lacrymas
994 3137 1073 3182 nam
1090 3115 1244 3206 protinus
1264 3137 1379 3182 omnes

380 3233 526 3303 Fuderat
544 3259 552 3303 :
568 3232 772 3303 baudaliter
792 3231 879 3303 saltu
901 3231 1086 3303 devertitur
1103 3233 1206 3304 orbus

378 3358 496 3425 Pastor
515 3355 557 3424 ab
577 3368 746 3450 agrestum
764 3367 928 3450 nocturna
945 3367 1056 3448 strage
1073 3352 1249 3448 luporum,

377 3475 483 3568 Cujus
501 3472 607 3544 herile
624 3499 727 3568 pecus
745 3473 836 3544 silvis
854 3475 1012 3567 inopinus
1030 3475 1142 3570 abegit

377 3595 505 3682 Imber,
526 3609 561 3664 et
588 3593 734 3666 hibernae
752 3609 892 3664 ventosa
904 3595 1078 3664 cacumina
1095 3593 1195 3664 lunae.

378 3720 471 3786 Luce
492 3729 610 3811 patent
627 3711 755 3784 cedes:
776 3713 915 3783 domino
932 3712 1081 3807 perferre
1101 3727 1250 3783 recentes

377 3839 453 3930 lpse
472 3835 566 3904 timet
584 3859 699 3919 casus,
718 3835 906 3930 haustaque
924 3831 1077 3904 informis
1092 3857 1192 3902 arena
1214 3899 1217 3909 ,

376 3953 563 4046 Questibus
584 3954 700 4050 implet
720 3979 837 4050 agros,
859 3953 1049 4049 stabulique
1069 3952 1199 4024 silentia
1218 3959 1331 4050 magui

376 4075 476 4164 Odit,
496 4091 523 4144 c'
568 4078 684 4148 missos
703 4074 804 4171 longo
823 4078 889 4146 ciet
905 4077 1024 4147 ordine
1041 4090 1165 4146 tauros.
