3192 5148
409 527 448 600 xij
688 612 691 624 Ι
714 527 765 584 na
786 529 816 582 Ρ.
837 524 994 585 mutuo
1017 525 1154 584 suano

408 657 526 741 etiam,
546 680 615 723 non
631 656 711 724 satis
728 653 855 749 liquide
872 668 1015 724 constat.
1032 657 1126 723 Inter
1143 654 1251 722 bonos
1268 651 1398 724 codices
1412 679 1457 724 re-

408 773 479 842 sero
502 777 752 872 thyonianum,
778 801 877 870 quem
897 777 1093 846 Bernartius
1112 772 1273 862 contulit,
1294 799 1399 844 uuum
1421 801 1458 844 ex

407 895 539 992 duobus
564 897 782 982 Behotiam's,
812 913 846 966 et
873 898 1057 991 prasertim
1088 922 1128 966 ex
1155 881 1457 990 Linilenbrogianis

408 1023 638 1108 Postumum,
656 1021 797 1114 quinon
815 1034 924 1113 potest
942 1021 1026 1112 quin
1045 1020 1087 1088 sit
1102 1018 1190 1092 idem
1209 1043 1249 1087 ac
1261 1020 1387 1112 Regius
1404 1021 1458 1086 ua-

406 1140 553 1210 risiensis
571 1167 623 1210 ur.
645 1139 759 1230 8051,
781 1166 854 1210 saec.
877 1167 914 1228 x,
934 1166 953 1210 a
972 1141 1135 1210 Lemaerio
1155 1155 1187 1208 et
1207 1145 1335 1210 Amano
1358 1138 1457 1208 colla-

407 1273 489 1331 tus:
511 1287 615 1356 quare
643 1236 805 1332 lectiones
826 1288 875 1332 ex·
892 1277 1037 1356 utroque
1063 1262 1245 1356 productas
1275 1261 1458 1354 significavi

407 1380 526 1452 litteris
551 1387 686 1472 PR‚.ex
711 1383 874 1454 alterutro
894 1382 966 1454 solo
985 1382 1036 1452 vel
1055 1388 1136 1453 Pul.
1155 1381 1207 1451 vel
1234 1389 1317 1476 neg.
1350 1407 1378 1452 1.
1400 1384 1459 1451 Hic

405 1527 492 1597 saepe
507 1529 583 1572 cum
603 1507 738 1599 egregio
752 1504 810 1575 illo
820 1506 949 1574 Burthii
966 1505 1143 1573 consentit.
1160 1504 1277 1576 Minus
1287 1503 1368 1571 boni
1384 1519 1460 1570 sunt

405 1623 554 1716 ejusdem
575 1626 818 1720 Lindenbrogii
841 1631 1077 1710 Palavicinus,
1098 1641 1132 1694 et
1147 1625 1312 1694 Danielis.
1334 1625 1459 1694 Eodem

405 1744 525 1815 ordine
544 1745 652 1816 habeo
675 1753 866 1818 Petmnsem
878 1802 890 1833 ,
918 1773 1019 1842 quem
1041 1772 1144 1842 supra
1168 1748 1325 1816 meritum
1347 1745 1459 1816 laudat

404 1864 635 1936 Marklandus.
659 1866 771 1962 Vulgo
788 1884 901 1938 autem
920 1893 1079 1938 accenseo
1095 1870 1340 1938 Taure'nensem
1347 1919 1359 1951 ‚
1376 1871 1460 1936 Bas-

317 1997 320 2002 '
405 1985 591 2072 Iidiunum,
613 1991 913 2075 Bumzanm'anos,
935 1993 1078 2083 Regium
1105 2015 1124 2058 a
1156 1990 1223 2084 (nr.
1247 1987 1358 2082 8052)
1387 2011 1457 2056 saec.

404 2132 475 2190 xn,
493 2125 538 2179 “et
566 2109 660 2180 alios.
679 2113 732 2181 De
750 2113 978 2182 Gronovianis
1003 2113 1040 2180 in
1066 2109 1223 2181 Dutribe
1241 2109 1334 2202 (nam
1360 2110 1459 2178 editio

405 2253 482 2298 cum
509 2231 613 2325 ipsius
631 2231 758 2301 notulis
776 2232 819 2300 ad
837 2257 977 2302 manum
998 2257 1069 2300 non
1095 2229 1173 2323 fuit)
1189 2229 1355 2322 judicium
1376 2228 1460 2298 seme

406 2375 477 2420 non
487 2350 595 2421 audeo
616 2378 624 2420 ε
644 2368 774 2422 centum
792 2379 873 2422 vero
888 2367 939 2420 est
952 2377 1030 2421 eum
1047 2351 1205 2422 habuisse
1221 2349 1351 2443 aliquot
1366 2348 1461 2418 valde

404 2474 562 2566 antiquos
581 2487 614 2542 et
623 2473 878 2568 perbonos,sed
893 2473 1016 2568 quibus
1036 2475 1070 2542 in
1091 2475 1207 2567 paucis
1220 2471 1461 2540 tantumnodo

404 2592 486 2662 locis
518 2597 561 2664 sit
586 2620 677 2664 usus.
709 2597 826 2690 Neque
851 2596 959 2664 ausim
993 2593 1035 2663 de
1057 2595 1097 2663 iis
1130 2617 1277 2687 quorum
1303 2591 1461 2686 frequens

404 2717 531 2784 mentio
560 2716 594 2784 in
625 2718 758 2812 scriptis
778 2717 1013 2802 Heinsiorum‚
1039 2741 1149 2810 neque
1174 2715 1216 2784 de
1241 2713 1338 2784 codd.
1368 2714 1459 2784 Guil.

404 2838 561 2923 Gentem,
584 2837 731 2925 Schotti,
751 2836 908 2924 Bentleii,
938 2835 1133 2906 Wakefieldi
1166 2834 1227 2928 (ad
1252 2835 1403 2926 Luciet.)
1428 2851 1462 2904 et

404 2955 563 3044 alionum,
582 2961 641 3052 qui
655 2961 798 3028 Statium
815 2984 885 3028 nou
903 2958 1104 3046 ediderunt,
1122 2957 1179 3027 sed
1197 2959 1373 3026 occasione
1387 2973 1460 3026 tan-

405 3093 476 3147 tum
489 3079 602 3151 oblata
616 3105 693 3150 eum
709 3081 932 3151 emendarunt
950 3108 957 3150 :
978 3080 1012 3149 id
1032 3094 1144 3150 tamen
1163 3079 1247 3148 mihi
1256 3093 1386 3148 certum
1398 3093 1458 3166 est,

403 3199 526 3269 honum
546 3226 687 3271 numero
712 3201 812 3296 longe
835 3201 1037 3297 plurcsesse
1060 3215 1209 3271 recentes
1225 3201 1294 3269 sive
1314 3201 1463 3293 interpo-

405 3320 498 3392 latos.

453 3449 515 3514 111.
548 3452 796 3518 Aculnuammu
827 3449 986 3543 perpauci
1017 3472 1036 3517 e
1063 3446 1236 3516 codicibus
1267 3445 1460 3514 memoratis

404 3566 686 3661 complectuntur,
705 3594 815 3663 neque
837 3571 984 3664 optimus
1005 3567 1060 3640 ille
1078 3569 1221 3639 Barthii.
1241 3571 1280 3635 ln'
1303 3567 1369 3634 hoc
1388 3589 1461 3634 car-

404 3691 494 3757 mine
514 3714 582 3783 prae
597 3689 727 3777 multis,
748 3716 790 3759 ne
810 3690 920 3760 dicam
936 3691 1114 3778 omnibus,
1133 3691 1258 3759 eminet
1273 3692 1402 3779 Regius
1423 3710 1461 3774 1,

406 3834 474 3901 quo
491 3809 635 3878 multum
659 3813 708 3879 usi
729 3835 854 3880 sumus.
