3172 5142
147 450 264 506 nou.»
447 443 659 502 succensos
681 445 791 502 nura
813 443 895 500 cru.
1140 407 1196 516 133

146 569 311 667 Impulit:
328 569 398 639 ibat
414 584 510 640 atrox
528 569 629 638 finem
646 572 797 666 positura
817 564 931 638 duello

146 695 281 762 lancea
296 717 305 762 :
321 706 519 762 convertere
535 689 650 762 oculos
663 692 832 784 utrimque
846 689 995 760 faventes

146 811 278 882 Sidonii
296 813 460 908 Graiique
475 813 538 884 Dei
554 837 563 882 ε
579 809 724 884 erudelis
743 814 888 906 Erinnys

146 932 289 1023 Obstat,
308 949 342 1004 at
360 933 499 1004 infando
514 933 628 1006 differt
641 932 797 1004 Eteoclea
811 931 918 1002 baert

146 1054 269 1148 Cuspis
286 1055 321 1124 in
341 1055 546 1151 armigerum
560 1053 743 1151 Phlegyan
762 1052 937 1150 peccavit,
954 1051 1014 1122 nbi
1030 1051 1148 1146 ingens

146 1174 265 1269 Pugna
279 1176 390 1246 virum
408 1202 417 1244 a
435 1176 554 1246 stricto
571 1200 651 1246 nam
668 1175 786 1246 saevior
800 1173 903 1246 irruit
918 1195 997 1244 ense

147 1290 298 1382 AEtolus,
317 1308 476 1389 retroque
494 1295 611 1364 datum
628 1293 791 1364 Thebana
807 1292 966 1390 tegebant

146 1413 254 1480 Arma
271 1411 390 1482 ducem
405 1438 414 1481 t
428 1415 477 1484 sic
495 1413 599 1483 densa
615 1410 735 1507 lupum
748 1412 821 1506 jam
842 1427 942 1484 noete
960 1413 1111 1482 subatra

145 1533 250 1600 Arcet
265 1531 308 1600 ab
326 1556 493 1628 apprenso
511 1547 686 1628 pastorum
705 1533 805 1603 turba
819 1533 988 1627 juvenco:

146 1650 326 1746 lmpcobus
343 1652 485 1748 erigitur
501 1667 636 1740 conua3
656 1677 719 1722 nec
736 1677 820 1722 cura
837 1666 988 1722 vetantes

145 1771 330 1864 lmpetere,
350 1769 465 1860 illum,
486 1771 599 1861 illum,
618 1771 721 1842 semel
740 1773 776 1841 in
793 1795 892 1866 quem
915 1787 1067 1862 venerat,
1087 1787 1196 1868 urget.

196 1891 277 1960 Non
296 1913 389 1959 secus
408 1891 557 1984 objectas
575 1894 680 1980 acies,
695 1908 807 1964 tamen
827 1916 888 1961 ora
904 1891 1089 1978 Thoantis,

145 2008 362 2096 Dissimulet,
382 2013 570 2106 transitque
589 2037 692 2082 mauu
710 2038 718 2081 :
737 2013 938 2106 turbamque
955 2011 1119 2080 minorem

146 2133 287 2200 Pectora
304 2129 476 2216 Deilochi,
496 2130 608 2204 Clonii
626 2131 730 2221 latus,
748 2131 806 2202 ilia
827 2133 917 2212 torvi

147 2249 301 2324 Personat
317 2250 540 2346 llippotadae:
559 2255 687 2322 muncia
708 2277 768 2322 sua
782 2251 933 2322 membra
951 2251 1091 2320 remittit

147 2370 339 2460 Interdum,
358 2371 536 2468 galeasque
554 2388 643 2444 rotat
661 2397 721 2468 per
737 2371 855 2442 nubila
875 2371 1001 2468 plenas.

148 2495 195 2562 Et
209 2492 280 2585 jam
297 2493 497 2587 corporibus
516 2517 603 2584 sese,
623 2492 803 2590 spoliisque
820 2494 996 2564 cadentum

147 2611 347 2684 Clauserat:
366 2639 473 2684 unum
492 2617 579 2686 acies
596 2617 724 2686 circum
743 2616 1091 2702 consumitur;·unum

147 2733 271 2805 Omnia
290 2734 355 2805 tela
374 2750 497 2806 vovent
512 2761 521 2804 ι
539 2737 677 2807 summis
697 2737 769 2806 baec
787 2736 917 2806 ossibus
935 2736 1080 2822 berent3

147 2858 230 2924 Pars
247 2855 407 2926 bustrata
425 2856 570 2946 cadunt,
589 2872 718 2952 partem
736 2858 890 2926 Tritonia
908 2855 1017 2945 vellit,

147 2973 257 3046 Multa
275 2977 388 3072 rigent
406 2975 524 3072 clypeo
542 3004 550 3046 :
567 2977 679 3048 densis
696 2978 767 3071 jam
786 2977 935 3047 consitus
955 2977 1058 3046 hastis

148 3099 322 3166 Ferratum
343 3097 452 3191 quatit
466 3097 572 3168 umbo
590 3123 724 3186 nemus,
743 3113 904 3193 tergoque
922 3095 1045 3166 fatiscit

149 3221 257 3311 htque
274 3217 423 3288 humeris
439 3217 572 3314 gentilis
589 3243 670 3314 aper
687 3245 696 3288 τ
716 3243 882 3313 nusquam
901 3217 1006 3287 ardua
1024 3219 1101 3286 coni

149 3336 285 3427 Gloria,
307 3341 434 3435 quique
449 3341 579 3436 apicem
599 3355 704 3412 torva·
721 3339 893 3410 Gradivus
913 3339 1060 3408 habebat

149 3459 314 3547 Cassidis,
333 3459 423 3530 baud
440 3459 553 3532 laetum
567 3460 710 3556 domino
729 3462 799 3531 ruit
815 3485 914 3530 omen
930 3487 938 3528 ε
956 3461 1066 3530 inusta

149 3579 369 3674 Temporibus
385 3581 476 3652 nuda
489 3605 556 3652 rara
577 3581 713 3670 sedem,
731 3582 925 3675 circumque
943 3582 1057 3650 sonori

149 3700 285 3770 Vertice
305 3725 464 3795 percusso
479 3701 664 3773 volvuntur
679 3703 714 3771 in
732 3727 825 3771 arma
840 3699 994 3771 molares.

148 3822 224 3888 lam
240 3845 341 3890 cruor
360 3823 394 3891 in
416 3822 528 3919 galea,
547 3823 617 3916 jam
636 3825 749 3893 saucia
769 3821 896 3917 proluit
910 3837 982 3892 ator

150 3941 289 4010 Pectora
309 3944 494 4037 permixtus
510 3945 633 4017 sudore
651 3960 686 4015 et
703 3945 865 4039 sanguine
886 3957 1028 4014 torrens.

198 4063 350 4160 Respicit
367 4064 539 4137 hortantes
560 4069 669 4136 socios
688 4081 722 4136 et
740 4065 877 4136 Pallada
892 4063 1015 4156 fidam,
