3172 5142
345 437 380 496 58
677 437 892 496 'rnaasmos
912 435 1022 494 naun
1044 437 1095 492 VI.
1289 426 1321 490 (r.
1339 433 1390 492 5ἱ)

341 571 530 637 Damnatus
550 565 820 651 dammaturus,
843 579 875 632 et
894 561 1022 658 puerile
1042 563 1201 634 feretrum

342 689 490 757 Texitur.
510 690 582 756 Ima
606 688 717 755 virent
736 687 857 780 agresti
878 684 1039 753 stramina
1057 681 1161 750 cultu.

344 810 500 877 Proxima
519 809 700 903 gramineis
718 807 893 901 operosior
911 829 990 874 area
1003 806 1113 890 sertis,

343 933 386 998 Et
401 930 588 1023 picturatus
609 928 783 996 morituris
801 925 941 995 floribus
961 949 1073 1020 agger.

342 1051 474 1118 Tertius
493 1073 671 1144 assurgens
687 1047 837 1117 Arabum
859 1061 951 1115 strue
969 1041 1099 1115 tollitur
1116 1043 1201 1112 ordo

343 1173 431 1238 ans
448 1166 642 1263 complexus
663 1191 762 1261 opes,
782 1169 971 1260 incanaque
988 1164 1093 1261 glebis

342 1290 477 1378 Thura,
494 1305 527 1358 et
548 1290 590 1358 ab
612 1290 753 1382 antiquo
772 1288 929 1358 durantia
947 1289 1101 1356 cinnama
1124 1282 1215 1355 Belo.

343 1413 481 1480 Summa
501 1425 640 1506 crepant
657 1433 757 1498 auro,
775 1410 945 1503 Tyrioque
965 1406 1131 1477 attollitur
1147 1421 1242 1476 ostro

298 1585 301 1592 .
342 1529 448 1600 Molle
467 1529 707 1625 supercilium:
728 1543 848 1600 teretes
869 1531 934 1601 hoc
952 1529 1102 1623 undique
1120 1551 1259 1623 gemmae

343 1652 513 1722 Irradiant
531 1677 539 1721 ε
558 1652 671 1722 medio
689 1654 794 1723 Linus
814 1653 1014 1721 intertextus
1031 1650 1194 1738 acantho,

345 1774 548 1869 letiferique
566 1799 664 1844 canes
682 1801 690 1844 :
707 1799 793 1870 opus
811 1773 1008 1844 admirabile
1026 1797 1156 1868 semper

346 1894 492 1984 Oderat,
511 1911 612 1992 atque
628 1893 743 1966 oculos
761 1895 915 1966 flectebat
932 1897 973 1965 ab
992 1895 1105 1964 omine
1120 1908 1237 1962 muter.

394 2021 498 2087 Arma
515 2019 636 2104 ctiam,
657 2031 691 2086 et
708 2031 856 2086 veterum
874 2019 1011 2086 exuvias
1029 2014 1215 2085 circumdat
1237 2037 1380 2082 avorum

346 2137 465 2209 Gloria
478 2139 582 2206 mixta
600 2137 714 2226 malis,
734 2137 932 2230 afflictasque
950 2139 1097 2207 ambitus
1114 2135 1215 2224 aulae,

347 2261 419 2331 Ceu
440 2257 566 2352 grande
581 2258 746 2352 exsequiis
765 2255 869 2346 onus,
889 2274 989 2351 atque
1007 2259 1169 2327 immensa
1191 2256 1347 2326 serantur

346 2378 503 2448 Membra
522 2391 597 2448 toro
613 2406 621 2448 :
636 2378 693 2448 sed
712 2402 804 2447 cassa
821 2393 933 2447 tamon
949 2377 1137 2471 sterilisque
1153 2375 1306 2446 dolentes

348 2503 449 2568 Fama
464 2499 579 2592 juvat,
597 2501 759 2593 parvique
780 2513 962 2593 augescunt
980 2521 1120 2568 munere
1140 2523 1265 2566 manes.

347 2618 430 2688 Inde
445 2620 562 2713 iugeus
580 2617 733 2714 lacrymis
753 2621 875 2709 honor,
893 2635 926 2690 et
947 2619 1137 2689 miseranda
1153 2617 1327 2713 voluptas,

348 2742 558 2833 Muneraque
575 2740 610 2806 in
629 2741 757 2810 cineres
777 2743 874 2810 annis
892 2743 1047 2836 graviora
1065 2738 1230 2808 feruntur.

349 2862 503 2953 Namque
522 2858 570 2929 illi
589 2876 623 2930 et
640 2864 831 2956 pharetras,
852 2863 1072 2956 brevioraque
1093 2861 1159 2931 tela
1178 2860 1309 2929 dicarat

349 2981 502 3048 Festinus
519 2979 591 3048 voti
611 2995 715 3074 pater,
735 2983 950 3076 insontesque
970 2985 1119 3078 sagittas.

349 3103 423 3169 Jam
444 3115 524 3169 tunc
541 3114 575 3169 et
594 3117 675 3170 nota
693 3101 832 3172 stabulis
854 3103 895 3172 de
913 3117 1013 3197 gente
1031 3105 1191 3197 probatos

351 3226 391 3291 Iu
408 3245 532 3290 nomen
550 3223 708 3316 pascebat
727 3247 850 3317 equos,
869 3224 1066 3317 cinctusque
1082 3237 1255 3312 sonantes,

351 3344 519 3435 Armaque
536 3343 680 3436 majores
699 3358 929 3438 exspectatura
946 3343 1097 3413 lacertos.

352 3464 434 3554 Spes
454 3459 577 3530 avidae!
598 3488 681 3557 quas
698 3489 768 3533 non
789 3467 824 3533 in
846 3489 968 3533 nomen
988 3463 1122 3534 credula
1140 3477 1247 3534 vestes

354 3581 506 3675 Urgebat
526 3582 660 3652 studio?
679 3583 855 3679 cultusque
876 3586 1020 3680 insignia
1038 3587 1132 3680 regni

352 3704 560 3795 Purpureos,
581 3719 817 3799 sceptrumque
837 3705 967 3774 minus?
984 3721 1105 3775 cuncta
1122 3705 1256 3800 ignibus
1274 3706 1358 3774 atris

353 3825 502 3922 Damnat
516 3837 629 3910 atrox,
648 3848 774 3919 suaque
790 3827 862 3921 ipse
882 3851 1003 3920 parens
1025 3828 1205 3921 gestamina
1222 3827 1326 3914 serri,

354 3940 537 4012 Sidamnis
554 3942 708 4013 rabidum
728 3961 829 4038 queat
847 3961 1038 4015 exsaturare
1057 3947 1217 4016 dolorem.

371 4069 375 4074 ’
403 4065 500 4134 Parte
518 4062 584 4134 alia
600 4069 696 4160 gnari
714 4069 848 4137 monitis
866 4071 1030 4138 exercitus
1049 4071 1150 4138 instat
