3200 5142
736 496 951 557 THEBAIDOS
973 499 1084 558 LIBER
1103 501 1143 556 11.
1358 505 1473 568 (ιω.)

417 628 492 694 Jam
512 623 696 696 Telamona
714 624 801 714 solo,
818 626 887 718 jam
904 641 1048 696 stratum
1067 627 1183 696 Ixiona
1201 623 1373 719 linquens,

417 749 484 834 Tc,
502 745 687 841 Meleagre,
705 745 796 816 subit
813 747 881 815 :ibi
899 745 1037 816 demum
1052 745 1191 841 cuspide
1206 745 1274 816 lata

416 867 535 954 Haesit,
554 882 589 935 et
609 867 734 936 obnixo
753 867 880 938 ferrum
902 867 1026 937 laxavit
1040 869 1076 936 in
1095 892 1199 938 armo.

463 985 560 1058 Talis
572 986 684 1058 adbuc
702 987 874 1081 trepidum
893 986 994 1082 liquit
1009 987 1215 1083 Calydonius
1233 987 1333 1060 beros

415 1108 621 1197 Concilium,
642 1105 837 1176 infrendens
856 1109 922 1202 ipsi
941 1133 1002 1178 ceu
1023 1133 1128 1203 regnu
1145 1124 1333 1203 negentur:

414 1232 629 1323 Festinatquc
646 1226 738 1316 vius,
754 1249 952 1322 ramumque
971 1228 1140 1324 precantis
1157 1226 1254 1298 clivae

413 1352 539 1446 Abjicit
555 1377 564 1419 ε
583 1341 919 1422 attonitae'tectcrum
938 1373 979 1417 ex
995 1346 1144 1418 culmine
1161 1373 1293 1418 summo

412 1473 632 1566 Prospectant
648 1485 793 1559 nutres,
813 1492 968 1564 saevoque
984 1467 1122 1538 infanda
1139 1483 1319 1562 precantur

413 1590 571 1680 OEnidrc,
591 1591 759 1683 tacitoque
776 1587 878 1658 simul
894 1586 957 1657 sub
977 1602 1113 1682 pectore
1127 1589 1210 1683 regi.

462 1715 534 1785 Nec
552 1713 648 1807 piger
662 1709 799 1806 ingenio
816 1707 999 1796 scelerum,
1016 1707 1210 1803 fraudisque
1226 1709 1379 1782 nefanda

411 1838 535 1904 Rector
552 1845 627 1927 eget
641 1832 827 1925 :juvenum
844 1829 929 1900 fidos
947 1827 1125 1900 lectissima
1145 1829 1235 1901 bello

411 1957 563 2048 Corpora
580 1977 671 2023 nunc
691 1951 818 2046 pretio,
838 1975 932 2021 nunc
948 1949 1008 2021 illc'
1026 1953 1239 2023 hortantibus
1255 1954 1375 2026 ardeus

411 2072 574 2144 Sollicitat
591 2073 704 2162 dictis,
721 2088 958 2166 nocturnaque
978 2071 1096 2168 proelia
1113 2099 1219 2144 saevus

410 2196 568 2280 Instruit,
584 2208 618 2263 et
633 2207 787 2263 sanctum
802 2192 937 2288 populis
953 2218 1015 2289 per
1031 2193 1151 2265 sarcula
1166 2220 1290 2266 nomen

408 2323 573 2414 Legatum
593 2301 738 2402 insidiis,
757 2313 926 2409 tacitoque
941 2313 1101 2386 invadere
1121 2314 1229 2403 ferro,

411 2437 520 2533 (Quid
536 2438 649 2534 regnis
665 2457 735 2502 non
753 2432 865 2529 vilei)
883 2437 977 2530 cupit
997 2460 1006 2504 z
1025 2459 1108 2530 quas
1125 2451 1290 2529 quereret
1308 2451 1396 2511 artes

408 2558 445 2627 Si
463 2557 619 2645 fratrem,
639 2561 808 2646 Fortuna,
828 2553 944 2624 dares?
963 2580 984 2625 ο
1004 2579 1091 2626 ceca
1109 2572 1290 2626 nocentum

409 2672 573 2748 Consilia!
593 2701 614 2746 o
633 2699 766 2772 semper
781 2675 938 2747 timidum
958 2673 1081 2746 scelus!
1097 2678 1165 2746 exit
1185 2677 1221 2748 in
1237 2703 1346 2749 unum

408 2796 504 2868 Plebs
519 2794 610 2866 ferro
623 2797 737 2892 jurata
754 2810 875 2893 caput:
897 2821 959 2867 ceu
978 2810 1087 2868 castra
1106 2796 1219 2868 subire

406 2923 573 3012 Apparet,
595 2931 653 2987 aut
675 2916 802 2988 celsum
821 2915 948 2988 crebris
969 2919 1130 2988 arietibus
1149 2920 1240 2990 urbis

406 3036 571 3106 Inclinsrc
590 3035 704 3107 latus:
725 3038 820 3107 densi
838 3040 884 3107 sic
903 3041 1039 3133 agmine
1055 3040 1143 3110 lacto

405 3157 663 3252 Quinqu'agiuta
679 3157 755 3227 altis
774 3156 966 3230 lirnduntur
983 3161 1018 3228 in
1034 3161 1152 3231 ordine
1165 3161 1284 3256 portis

406 3275 517 3343 Macte
536 3275 661 3363 animi,
674 3277 776 3343 tautis
794 3275 915 3371 dignus
931 3279 990 3373 q‘ui
1003 3278 1146 3350 crederis
1166 3281 1279 3350 armis.

454 3397 533 3462 Fert
541 3395 596 3462 via
616 3420 676 3490 per
691 3395 812 3468 dumus
828 3401 991 3500 propior,
1027 3425 1096 3497 qna
1112 3400 1198 3472 calle
1216 3399 1334 3476 latenti

404 3510 644 3600 Praecelerant‚
664 3514 842 3612 densaeque
853 3516 967 3614 legunt
986 3520 1186 3617 compendia
1204 3520 1304 3594 silvae.

404 3633 507 3700 Lecta
526 3629 613 3702 dulis
626 3633 729 3706 sedes.
749 3634 882 3708 Gemini
900 3639 1021 3733 procul
1035 3642 1118 3712 urbe
1133 3635 1290 3738 malignis

404 3749 571 3821 Faucibus
588 3770 751 3855 urgentur
766 3755 888 3848 colles,
908 3785 993 3855 quos
1011 3763 1134 3834 umbra
1152 3766 1290 3858 superni

404 3872 552 3962 Montis,
571 3888 605 3944 et
618 3875 766 3947 incurvis
786 3876 951 3950 claudunt
961 3881 1042 3977 juga
1055 3881 1195 3953 frondea
1213 3882 1305 3954 silvis
1321 3911 1330 3954 :

403 3990 544 4062 Insidias
558 4003 680 4066 namra
698 3994 785 4087 loco,
804 4024 993 4096 caecamque
1009 3999 1136 4075 latendi

404 4113 533 4184 Struxit
552 4140 650 4212 opem
662 4144 679 4186 .:
696 4117 828 4210 medias
845 4136 937 4192 arcte
950 4137 1040 4194 secat
1052 4149 1171 4222 aspera
1184 4150 1283 4220 rupes
