3094 5140
92 457 218 519 (tn-715.)
419 453 634 512 nntauuos
655 453 767 510 mnan
788 453 826 510 x.
1103 473 1155 529 ¹97

90 587 177 658 Non
193 598 291 653 teneo
309 607 317 651 :
335 580 435 651 liceat
449 565 575 651 ¹misero
591 579 810 649 tremebunda
827 579 938 649 lavare

92 705 267 796 Vulnera,
287 719 321 774 et
341 687 525 774 undantem
544 685 701 798 lacrymis
721 703 845 772 siccare
865 727 1041 788 cruorem,

91 832 211 924 Teque
227 829 350 897 iterum
367 827 481 914 saevis,
499 825 689 919 iterumque
707 826 880 894 remittere
894 823 999 894 bellis.

91 955 171 1021 Hoc
187 947 318 1019 malunt
338 947 472 1019 Thebe.
486 975 504 1011 s
525 946 581 1017 sic
598 943 684 1015 colla
703 971 892 1040 manusque
906 947 1043 1016 tenebat

90 1070 283 1167 Implicitus
301 1096 309 1140 ε
328 1069 386 1140 sed
403 1051 464 1139 nec
481 1068 636 1164 lacrymas
653 1045 716 1138 nec
734 1049 838 1138 rerba
854 1067 1035 1137 movebant

93 1192 160 1262 Dis
179 1207 294 1262 votum
307 1192 490 1286 juvenem:
507 1192 590 1285 quin
608 1204 642 1259 et
657 1171 923 1260 monstrantibus
942 1189 1007 1259 illis

93 1313 229 1384 Fraude
248 1325 381 1407 patrem
398 1312 498 1381 tacita
516 1311 624 1400 subit,
642 1312 830 1405 avertitque
849 1313 1004 1381 timorem
1022 1337 1031 1378 t

146 1432 317 1506 «Falleris
334 1421 421 1518 heu,
438 1456 602 1526 verosque
616 1445 744 1518 metus,
760 1417 855 1527 pater
876 1433 1020 1526 optime,
1036 1435 1157 1502 nescis.

92 1561 178 1628 Non
196 1582 251 1626 me
266 1553 328 1624 ulli
344 1555 508 1643 monitus,
524 1537 587 1622 nec
603 1567 718 1622 vatum
736 1578 853 1622 exorsa
869 1553 1042 1623 furentum

93 1677 304 1764 sollicitant,
321 1661 502 1770 manesque
526 1657 692 1744 movent:
715 1674 778 1744 sibi
799 1673 943 1745 callidus
957 1675 1022 1744 ista

92 1801 262 1886 Tiresias,
282 1811 435 1891 nataeque
456 1809 556 1866 canat
574 1822 582 1864 ε
603 1821 673 1865 non
692 1795 720 1864 si
740 1797 812 1891 ipse
829 1795 968 1866 reclusis

93 1922 262 1993 Cominus
279 1942 320 1988 ex
340 1905 448 2013 adytis
467 1919 501 1986 in
524 1941 579 1986 me
598 1901 760 1987 insaniret
780 1917 913 2014 Apollo.

95 2039 166 2112 Sed
184 2041 297 2137 gravis
315 2039 467 2109 unanimi
487 2062 584 2107 casus
607 2061 660 2108 me
679 2035 793 2107 fratris
810 2039 853 2109 ad
872 2040 991 2110 urbem

94 2167 226 2257 Sponte
243 2159 347 2274 refert
364 2185 372 2230 :
392 2162 498 2257 gemit
512 2144 651 2232 Inachia
670 2160 753 2272 mibi
770 2163 904 2231 saucius
922 2167 1062 2231 Haemon

95 2282 275 2379 Cuspide:
297 2284 354 2352 vix
374 2279 469 2352 illum
487 2281 599 2394 medio
618 2281 660 2351 de
679 2279 819 2377 pulvere
837 2279 918 2351 belli
1023 2383 1027 2390 .

95 2410 193 2475 luter
212 2419 372 2499 utrasque
388 2405 495 2516 acies,
511 2405 719 2498 jamjamque
733 2403 927 2514 tenentibus
947 2405 1059 2499 Argis.

96 2524 167 2598 Sed
184 2551 299 2596 moror
318 2551 326 2594 ε
348 2527 376 2612 i,
396 2525 510 2595 refove
528 2524 687 2611 dubium,
705 2524 880 2618 turbaeque
904 2523 1024 2595 ferenti

94 2649 183 2737 Dic,
202 2662 361 2744 purcant,
380 2631 563 2740 leviterque
580 2646 731 2716 vehant:
752 2671 815 2741 ego
834 2645 975 2716 vulnera
993 2631 1132 2718 doctum

94 2760 504 2864 Jungere,'supremique
521 2767 636 2863 sugam
657 2791 816 2836 revocare
832 2769 979 2856 cruoris,

95 2890 262 2960 AEchioua
277 2904 403 2984 petam.
419 2917 436 2954 o
453 2889 509 2960 Sic
528 2886 724 2981 imperfecta
743 2885 875 2957 locutus

96 3009 254 3105 Effugit:
275 3007 323 3078 illi
344 3024 417 3079 atra
434 2996 582 3090 mersum
601 3008 745 3102 caligine
764 2991 884 3102 pectus¹

97 3130 266 3200 Confudit
284 3155 421 3200 sensus:
445 3131 550 3224 pietas
570 3132 698 3199 incerta
715 3143 869 3224 vagatur,

98 3251 374 3346 Discordantquc
392 3265 501 3320 metus
519 3276 527 3319 :
548 3249 728 3346 impellunt
746 3249 882 3320 credere
897 3230 1022 3319 Parce.

148 3372 320 3442 Turbibus
337 3363 463 3442 interea
482 3373 591 3466 ruptis
611 3373 780 3442 venientia
800 3371 911 3465 portis

99 3493 248 3591 Agmina
264 3483 419 3589 belligeri
437 3477 620 3588 Capaneus⁴
636 3495 707 3589 agit
722 3515 857 3587 :equore
878 3494 999 3586 campi.

98 3620 239 3686 Cornua
256 3640 348 3684 nunc
368 3616 538 3710 equitum,
557 3599 684 3684 cuneos
703 3639 795 3683 nunc
816 3611 871 3682 ille
889 3613 1077 3707 pedestres,

97 3739 143 3805 Et
163 3727 398 3829 proculcantes
417 3734 653 3804 moderantum
673 3735 793 3804 funera
811 3758 946 3821 currus;

97 3855 193 3926 Idem
212 3854 297 3926 altas
315 3847 427 3927 turres¹
444 3857 548 3944 saxis,
568 3872 602 3925 et
623 3856 758 3926 turbine
779 3841 901 3924 erebro

99 3979 232 4046 Laxat:
252 3979 321 4074 agit
342 3992 470 4048 turmas
487 3977 597 4065 idem,
616 3991 716 4071 atque
733 3978 767 4045 in
786 3958 947 4072 sanguine
967 3959 1085 4045 suniat.

100 4099 201 4168 Nunc
220 4100 349 4194 spargit
366 4114 527 4193 torquens
550 4097 679 4167 volucri
699 4121 787 4174 nova
806 4094 945 4167 vulnera
964 4095 1120 4191 plumbo,
