3172 5142
363 494 397 558 ,n
671 467 884 544 marinos
905 488 1015 544 anan
1037 489 1102 543 vn.
1298 483 1446 544 <rr-12⁵.)

361 611 555 698 Quinetiam
573 611 697 678 invisos
716 611 778 706 (sic
798 611 902 680 hostis
920 611 1070 706 demist)
1086 614 1195 708 Argos

361 726 476 798 Elicis!
497 735 529 800 0
546 732 643 825 ipsis,
664 732 807 825 genitor,
827 734 982 826 graviora
1002 731 1136 827 periclis
1229 795 1233 806 .

361 853 378 918 J
382 849 475 919 ussa!
496 850 685 949 novercales
700 854 828 922 ruimus
846 852 954 922 ditare
971 857 1141 950 Mycenas.

363 971 454 1039 Cedo
472 973 625 1066 equidem
643 999 651 1042 τ
669 999 737 1068 quo
754 998 848 1044 sacra
867 989 997 1063 tamen,
1016 976 1169 1069 ritusque
1183 989 1350 1068 peremtae

363 1093 503 1161 Gentis?
521 1107 555 1161 ct
572 1095 605 1160 in
625 1092 790 1181 tumulos,
808 1097 836 1166 si
854 1093 936 1189 quid
955 1093 1041 1162 male
1060 1094 1138 1162 soeta
1155 1091 1292 1186 reliquit

282 1267 283 1272 1
361 1215 487 1299 Mater,
507 1214 598 1281 abire
614 1213 735 1306 jubes?
751 1214 921 1302 Thracen,
942 1213 1107 1308 silvasque
1122 1214 1290 1308 Lycurgi?
1364 1225 1369 1243 '

363 1337 459 1402 Anne
477 1334 702 1428 triumphatos
719 1335 844 1430 fugiam
864 1337 1014 1428 captivus
1034 1335 1076 1402 ad
1094 1334 1217 1403 Indos?

361 1455 413 1522 Da
432 1453 543 1522 sedem
559 1453 703 1550 profugo
721 1481 730 1522 t
749 1457 860 1549 potuit
877 1457 1020 1523 Latonia
1039 1455 1140 1524 frater

361 1575 469 1660 saxa,
488 1599 549 1642 nec
566 1574 720 1659 invideo,
735 1575 879 1670 defigere
892 1575 1017 1663 Delon,
1038 1590 1072 1644 et
1089 1577 1163 1643 imis

362 1693 608 1762 Commendare.
624 1693 718 1763 fretis
734 1721 742 1764 :
760 1721 837 1764 cara
855 1697 1024 1765 submovit
1035 1696 1083 1764 ab
1103 1721 1178 1764 arce

363 1812 509 1882 Hostiles
525 1814 674 1882 Tritonis
694 1841 798 1908 aquas
815 1843 822 1885 :
839 1816 998 1910 vidi‘ipse
1016 1830 1186 1910 potentem

362 1935 528 2004 Gentibus
546 1939 627 2006 Eois
645 1937 825 2036 Epaphum
843 1936 923 2005 dare
936 1938 1035 2030 jura3
1052 1961 1114 2004 nec
1132 1934 1216 2004 ullas

283 2081 285 2084 ·
364 2054 497 2150 Cyllene
514 2074 639 2128 secreta
656 2059 752 2126 tubas
769 2059 927 2126 Minoave
942 2073 1039 2126 curat
1113 2041 1116 2046 Ι
1148 2057 1153 2079 “’

363 2175 423 2245 lda
442 2203 449 2244 :
469 2177 552 2270 quid
569 2179 633 2247 heu
654 2194 787 2247 tantum
808 2181 931 2248 nostris
950 2177 1130 2247 offenderis
1146 2177 1234 2246 aris?

364 2299 427 2365 Hic
446 2297 527 2387 tibi,
547 2299 683 2391 quando
701 2301 812 2367 minor
825 2301 895 2392 jam
911 2315 1023 2368 nostra
1042 2299 1207 2392 potentia,
1225 2312 1346 2366 nocta

365 2417 549 2505 Herculeae,
569 2417 778 2513 placitusque
793 2443 885 2514 vagae
902 2418 1083 2528 Ngcteidos
1104 2417 1220 2504 ardor3

365 2539 427 2635 Hic
445 2540 583 2632 Tyrium
601 2563 723 2634 genus,
745 2554 778 2607 et
796 2553 911 2608 nostro
929 2537 1058 2608 felicior
1075 2540 1153 2634 igne

364 2660 517 2726 Taurus:
536 2663 727 2754 Agenoreos
745 2657 860 2727 saltem
877 2673 988 2727 tutare
1006 2673 1185 2752 nepotes.,n

358 2773 361 2779 ’
413 2777 578 2847 Invidiam
595 2779 668 2846 risit
683 2793 788 2872 pater,
808 2777 923 2872 etjam
941 2776 1067 2873 poplite
1082 2777 1224 2866 flexum,

365 2901 638 2990 sternentemque
653 2923 771 2967 manus
793 2895 992 2992 tranquillus
1009 2897 1052 2966 ad
1073 2896 1187 2967 oscula
1205 2895 1313 2980 tollit,

347 3023 471 3112 ‘Inque
488 3020 595 3086 vicem
616 3017 744 3112 placida
765 3043 840 3087 orsa
860 3019 984 3088 refert:
1003 3019 1107 3086 «Non
1127 3017 1280 3118 conjugis
1301 3017 1367 3084 ista
1489 3033 1496 3036 “

365 3138 537 3226 Consiliis,
560 3155 596 3207 ut
614 3163 707 3226 rere,
726 3163 826 3232 puer;
843 3165 904 3208 nec
922 3164 1007 3208 saeva
1025 3141 1157 3232 roganti

365 3263 419 3330 Sic
435 3274 589 3354 expostus
606 3284 668 3354 ego
687 3285 695 3327 ε
715 3261 858 3328 immoto
873 3259 1072 3330 deducimur
1092 3259 1173 3329 orbe

365 3383 542 3463 Fatorum
560 3395 706 3462 veteres,
724 3379 878 3473 'seraeque
898 3381 930 3447 in
952 3379 1068 3474 proelia
1083 3383 1205 3448 causae.

364 3503 453 3570 Nam
472 3503 525 3570 cui
543 3515 634 3568 tanta
651 3501 744 3592 quies
758 3499 909 3568 irarum?
926 3514 985 3568 aut
1006 3501 1176 3594 sanguinis
1193 3523 1273 3566 usus

364 3622 502 3692 Parcior
519 3620 680 3688 humani?
700 3621 791 3688 videt
809 3621 895 3706 axis,
914 3635 947 3687 et
964 3622 1026 3689 ista
1047 3643 1230 3713 perrarum

365 3745 498 3811 Mecum
519 3755 640 3809 aeterna
656 3739 793 3823 domus,
810 3741 938 3832 quoties
951 3740 1021 3832 jam
1039 3754 1127 3807 torta
1146 3762 1308 3832 reponam

365 3860 534 3946 Fulmina,
556 3883 657 3953 quam
676 3884 774 3927 rarus
793 3860 889 3928 terris
909 3858 965 3927 hic
982 3860 1120 3952 imperet
1138 3859 1234 3952 ignis.

367 3981 560 4069 Quinetiam
579 3980 704 4047 invitus
718 4003 839 4072 magna
855 3975 1111 4071 uleiscendaque
1129 3978 1231 4072 passis

366 4103 436 4170 Aut
452 4101 610 4194 Lapithas
628 4101 749 4178 Marti,
770 4114 828 4166 ant
849 4113 993 4167 veterem
1013 4095 1183 4193 Calydpna
1200 4098 1321 4166 Dianae
