3172 5142
402 441 457 480 120
698 421 912 480 THEBAIDOS
932 419 1044 478 LIBER
1063 421 1147 476 Vlll.
1339 416 1378 482 (v.
1394 421 1468 482 115.)

398 545 603 633 Productus,
623 560 696 616 toto
713 547 840 644 pariter
859 545 921 613 tibi
938 543 1057 614 funere
1072 545 1168 631 veni,
1213 587 1217 594 ·

397 665 454 736 Nil
474 667 545 736 istis
561 691 702 736 ausurus
722 667 817 760 equis
836 691 844 734 t
864 689 926 735 nec
945 663 1108 760 deprecor
1125 662 1282 732 umbram

396 788 571 880 Accipere,
588 801 624 854 et
641 785 811 880 tripodum
824 785 895 878 jam
910 809 979 854 non
997 785 1188 854 meminisse
1204 807 1374 852 meorum.

395 907 484 975 Nam
501 905 562 974 tibi
582 907 723 1000 praesagi
741 907 896 999 quisnam
910 929 1013 1000 super
1032 904 1170 1000 auguris
1187 927 1285 988 usus,

393 1027 509 1114 Quum
527 1029 640 1095 Parcae
659 1040 717 1094 tua
734 1028 826 1119 jussa
846 1025 1006 1094 trahant?
1026 1023 1084 1093 sed
1103 1039 1241 1118 pectora
1258 1023 1398 1112 flectas,

392 1150 434 1216 Et
452 1145 572 1216 melior
589 1147 650 1234 sis,
669 1170 801 1240 quaeso,
818 1147 899 1216 Deis
918 1173 926 1214 :
945 1144 1129 1240 siquando
1148 1143 1295 1214 nefanda

391 1271 467 1336 Huc
485 1266 596 1336 aderit
615 1267 758 1360 conjnx,
776 1265 824 1334 illi
841 1265 972 1336 lunesto
991 1290 1122 1336 reserva
1145 1303 1147 1308 ,

390 1385 561 1483 Supplicia
579 1413 587 1457 ε
605 1385 663 1456 illa
682 1403 760 1476 tua,
780 1403 891 1456 metor
907 1387 1013 1474 bone,
1032 1387 1168 1483 dignior
1186 1387 1248 1456 ira.
1263 1417 1296 1478 a¹

438 1509 569 1604 Accipit
589 1505 645 1578 illc
660 1533 792 1604 preces,
809 1507 1073 1604 indignaturque
1091 1507 1229 1578 moveri.

389 1630 438 1698 Ut
453 1629 506 1700 leo
524 1629 663 1725 Massyli
680 1655 787 1725 quum
802 1628 862 1700 lux
879 1631 972 1700 stetit
990 1631 1091 1699 obvia
1105 1630 1206 1718 ferri,

387 1752 485 1820 Tune
505 1753 590 1840 iras,
610 1766 692 1822 tuno
709 1777 804 1822 erma
818 1753 901 1822 citat
918 1777 927 1820 ε
946 1752 974 1822 si
992 1750 1125 1821 decidat
1142 1752 1270 1838 hostis,

387 1873 443 1940 Ire
462 1897 564 1966 super
581 1875 661 1943 satis
682 1888 751 1962 est,
769 1875 941 1968 vitamque
961 1873 1150 1968 relinquere
1168 1874 1270 1943 victo.

371 2005 374 2020 ’
436 1996 571 2062 Interea
588 1995 697 2084 vittis,
716 1993 881 2088 lauruque
899 1995 1037 2090 insignis
1054 1996 1167 2088 opima

381 2103 537 2217 Currus,
556 2093 591 2184 et
608 2117 751 2211 egregiis
770 2117 877 2185 modo
892 2114 1092 2185 formidatus
1109 2117 1145 2184 in
1164 2116 1285 2204 armis,
1335 2171 1348 2196 .

385 2235 479 2304 Luce
497 2233 607 2330 palam
626 2236 719 2306 fusus
738 2235 842 2325 nulli,
865 2234 1017 2330 nullique
1034 2236 1170 2330 fugatus

384 2356 558 2446 Quaeritur
575 2382 583 2424 ε
603 2357 770 2427 absistunt
786 2372 925 2446 turmae,
945 2349 1168 2452 suspectaque
1186 2355 1286 2427 tellus

384 2475 552 2546 Omnibus
568 2501 576 2545 ι
592 2475 689 2546 infidi
706 2476 800 2547 miles
820 2477 959 2572 vestigia
978 2477 1090 2573 campi

383 2595 538 2687 Circuit,
567 2613 675 2694 atque'
701 2597 806 2672 avidae
832 2600 937 2668 tristis
958 2596 1050 2667 locus
1069 2596 1125 2668 ille
1144 2599 1250 2667 ruinee

381 2719 513 2806 Cessat,
530 2733 565 2788 et
580 2718 702 2788 inferni
721 2721 846 2788 vitatur
861 2719 991 2790 bonore
1012 2716 1167 2814 sepulcri.

430 2839 580 2910 Nuntius
597 2839 748 2910 hortanti
766 2839 898 2912 diversa
918 2842 953 2908 in
972 2854 1068 2934 parte
1087 2836 1254 2934 maniplos

382 2958 544 3046 Adrasto,
564 2961 619 3028 vix
640 2962 713 3056 ipse
734 2975 827 3029 ratus
846 2958 987 3047 vidisse,
1004 2957 1174 3030 Palaemon
1253 3011 1254 3016 κ

379 3078 539 3168 Advolat,
558 3096 592 3150 et
610 3080 798 3176 trepidans,
815 3096 956 3151 steterat
977 3107 1056 3151 nam
1074 3081 1161 3152 sorte
1180 3083 1313 3154 cadenti

377 3203 572 3291 Proximus,
590 3203 806 3298 inspectoque
826 3204 927 3272 miser
946 3200 1095 3298 pallebat
1111 3204 1217 3274 hiatu.

428 3325 558 3392 «Verte
578 3323 744 3418 gradmr:
765 3323 860 3418 fuge,
879 3338 1003 3411 rector,
1023 3326 1087 3409 ait3
1107 3327 1134 3394 si
1154 3328 1281 3396 Dorica
1299 3326 1421 3397 saltem

377 3447 482 3512 Terra
499 3443 592 3529 loco,
613 3447 796 3539 patriaeque
811 3461 965 3534 manent,
986 3445 1044 3514 ubi
1063 3443 1240 3540 liquimus,
1259 3472 1364 3517 arces.
1384 3466 1387 3474 '

377 3565 455 3634 Non
474 3566 590 3654 armis,
613 3591 682 3634 non
700 3566 864 3661 sanguine
881 3591 966 3660 opus
987 3592 995 3633 ε
1015 3565 1098 3660 quid
1116 3564 1235 3635 inutile
1254 3567 1381 3637 ferrum

315 3697 317 3702 '
376 3685 578 3780 stringimus
596 3687 630 3754 in
646 3684 804 3755 Thebas?
823 3710 942 3755 currus
961 3683 1091 3776 humus¹
1103 3688 1205 3781 impia
1224 3683 1355 3774 sorbet,

375 3809 560 3900 Armaque,
577 3805 806 3900 bellantesque
827 3799 916 3876 viros
933 3832 941 3875 ε
957 3805 1073 3904 fugere
1087 3831 1170 3877 'ecce
1189 3808 1321 3877 videtur

374 3926 439 3994 Hic
459 3929 578 4016 etiam,
598 3953 667 4022 quo
683 3944 828 4014 stamus,
849 3953 929 4025 ager
947 3953 954 3996 :
974 3919 1045 3996 vidi
1061 3930 1133 4023 ipse
1151 3927 1328 4023 profundae

374 4045 490 4117 Noctis
508 4051 583 4140 iter,
604 4065 769 4145 ruptaque
791 4049 852 4118 soli
872 4075 1033 4145 compage
1053 4063 1224 4134 ruentem,
