<?xml version="1.0" encoding="UTF-8"?>
<!DOCTYPE html PUBLIC "-//W3C//DTD XHTML 1.0 Transitional//EN"
    "http://www.w3.org/TR/xhtml1/DTD/xhtml1-transitional.dtd">
<html xmlns="http://www.w3.org/1999/xhtml" xml:lang="en" lang="en">
 <head>
  <title>
</title>
<meta http-equiv="Content-Type" content="text/html;charset=utf-8" />
  <meta name='ocr-system' content='tesseract 3.04.00' />
  <meta name='ocr-capabilities' content='ocr_page ocr_carea ocr_par ocr_line ocrx_word'/>
</head>
<body>
  <div class='ocr_page' id='page_1' title='image "./operaquaeextant00dbgoog_0645.png"; bbox 0 0 3080 5136; ppageno 0'>
   <div class='ocr_carea' id='block_1_1' title="bbox 389 471 1455 672">
    <p class='ocr_par' dir='ltr' id='par_1_1' title="bbox 389 471 1455 672">
     <span class='ocr_line' id='line_1_1' title="bbox 393 471 1069 539; baseline -0.013 -2"><span class='ocrx_word' id='word_1_1' title='bbox 393 479 449 539; x_wconf 80' lang='lat'><strong>306</strong></span> <span class='ocrx_word' id='word_1_2' title='bbox 769 471 1069 531; x_wconf 72' lang='lat' dir='ltr'><strong>Anttoffllottns</strong></span> 
     </span>
     <span class='ocr_line' id='line_1_2' title="bbox 389 585 1455 672; baseline -0.015 -20"><span class='ocrx_word' id='word_1_3' title='bbox 389 595 506 672; x_wconf 73' lang='lat' dir='ltr'><strong>virgil,</strong></span> <span class='ocrx_word' id='word_1_4' title='bbox 522 597 587 652; x_wconf 81' lang='lat' dir='ltr'><strong>AEn.</strong></span> <span class='ocrx_word' id='word_1_5' title='bbox 598 635 608 662; x_wconf 90' lang='lat'><strong><em>,</em></strong></span> <span class='ocrx_word' id='word_1_6' title='bbox 629 613 656 664; x_wconf 80' lang='grc' dir='ltr'><strong>ι,</strong></span> <span class='ocrx_word' id='word_1_7' title='bbox 670 592 739 649; x_wconf 82' lang='lat'><strong>638.</strong></span> <span class='ocrx_word' id='word_1_8' title='bbox 753 594 837 661; x_wconf 85' lang='lat' dir='ltr'><strong>Post,</strong></span> <span class='ocrx_word' id='word_1_9' title='bbox 858 611 885 646; x_wconf 76' lang='lat' dir='ltr'><strong>v.</strong></span> <span class='ocrx_word' id='word_1_10' title='bbox 909 591 978 660; x_wconf 72' lang='grc'><strong>145,</strong></span> <span class='ocrx_word' id='word_1_11' title='bbox 994 593 1123 645; x_wconf 60' lang='lat' dir='ltr'><strong>&amp;nomm</strong></span> <span class='ocrx_word' id='word_1_12' title='bbox 1141 605 1268 661; x_wconf 75' lang='lat' dir='ltr'><strong>ogrneo,</strong></span> <span class='ocrx_word' id='word_1_13' title='bbox 1290 595 1337 640; x_wconf 82' lang='lat' dir='ltr'><strong>est</strong></span> <span class='ocrx_word' id='word_1_14' title='bbox 1361 585 1455 658; x_wconf 74' lang='lat' dir='ltr'><strong>peltr-</strong></span> 
     </span>
    </p>
   </div>
   <div class='ocr_carea' id='block_1_2' title="bbox 388 677 1455 855">
    <p class='ocr_par' dir='ltr' id='par_1_2' title="bbox 388 677 1455 855">
     <span class='ocr_line' id='line_1_3' title="bbox 389 677 1455 763; baseline -0.013 -16"><span class='ocrx_word' id='word_1_15' title='bbox 389 702 467 759; x_wconf 84' lang='lat' dir='ltr'><strong>tom,</strong></span> <span class='ocrx_word' id='word_1_16' title='bbox 484 688 567 763; x_wconf 88' lang='lat' dir='ltr'><strong>quod</strong></span> <span class='ocrx_word' id='word_1_17' title='bbox 580 697 661 745; x_wconf 79' lang='lat' dir='ltr'><strong>scuto</strong></span> <span class='ocrx_word' id='word_1_18' title='bbox 678 690 877 754; x_wconf 78' lang='lat' dir='ltr'><strong>Amazonum,</strong></span> <span class='ocrx_word' id='word_1_19' title='bbox 899 701 972 758; x_wconf 79' lang='lat' dir='ltr'><strong>ques</strong></span> <span class='ocrx_word' id='word_1_20' title='bbox 989 684 1080 758; x_wconf 80' lang='lat' dir='ltr'><strong>peltes</strong></span> <span class='ocrx_word' id='word_1_21' title='bbox 1098 679 1264 756; x_wconf 80' lang='lat' dir='ltr'><strong>appellant,</strong></span> <span class='ocrx_word' id='word_1_22' title='bbox 1281 679 1316 734; x_wconf 82' lang='lat' dir='ltr'><strong>in</strong></span> <span class='ocrx_word' id='word_1_23' title='bbox 1332 677 1455 734; x_wconf 79' lang='lat' dir='ltr'><strong>modun</strong></span> 
     </span>
     <span class='ocr_line' id='line_1_4' title="bbox 388 773 1119 855; baseline -0.014 -16"><span class='ocrx_word' id='word_1_24' title='bbox 388 783 463 838; x_wconf 70' lang='lat' dir='ltr'><strong>luna</strong></span> <span class='ocrx_word' id='word_1_25' title='bbox 475 782 600 838; x_wconf 75' lang='lat' dir='ltr'><strong>formata</strong></span> <span class='ocrx_word' id='word_1_26' title='bbox 612 781 684 851; x_wconf 85' lang='lat' dir='ltr'><strong>sint,</strong></span> <span class='ocrx_word' id='word_1_27' title='bbox 699 790 733 835; x_wconf 86' lang='lat' dir='ltr'><strong>ut</strong></span> <span class='ocrx_word' id='word_1_28' title='bbox 746 779 847 855; x_wconf 81' lang='lat' dir='ltr'><strong>Virgil.</strong></span> <span class='ocrx_word' id='word_1_29' title='bbox 863 777 938 855; x_wconf 80' lang='lat' dir='ltr'><strong>[AEn.</strong></span> <span class='ocrx_word' id='word_1_30' title='bbox 947 817 956 844; x_wconf 91' lang='lat'>,</span> <span class='ocrx_word' id='word_1_31' title='bbox 977 796 988 832; x_wconf 89' lang='grc' dir='ltr'>ι</span> <span class='ocrx_word' id='word_1_32' title='bbox 997 817 1008 844; x_wconf 84' lang='grc'><strong>,</strong></span> <span class='ocrx_word' id='word_1_33' title='bbox 1029 773 1097 850; x_wconf 69' lang='grc'>490]</span> <span class='ocrx_word' id='word_1_34' title='bbox 1112 795 1119 828; x_wconf 93' lang='lat'>:</span> 
     </span>
    </p>
   </div>
   <div class='ocr_carea' id='block_1_3' title="bbox 495 951 1052 1092">
    <p class='ocr_par' dir='ltr' id='par_1_3' title="bbox 495 951 1052 1092">
     <span class='ocr_line' id='line_1_5' title="bbox 496 951 1052 1018; baseline -0.013 -10"><span class='ocrx_word' id='word_1_35' title='bbox 496 957 572 1008; x_wconf 82' lang='lat' dir='ltr'><strong>Ducit</strong></span> <span class='ocrx_word' id='word_1_36' title='bbox 584 955 762 1006; x_wconf 76' lang='lat' dir='ltr'>Amazonidum</span> <span class='ocrx_word' id='word_1_37' title='bbox 772 953 862 1004; x_wconf 76' lang='lat' dir='ltr'><strong>lunulis</strong></span> <span class='ocrx_word' id='word_1_38' title='bbox 873 952 969 1018; x_wconf 71' lang='lat' dir='ltr'><strong>ugonius</strong></span> <span class='ocrx_word' id='word_1_39' title='bbox 981 951 1052 1018; x_wconf 76' lang='lat' dir='ltr'><strong>peltis</strong></span> 
     </span>
     <span class='ocr_line' id='line_1_6' title="bbox 495 1039 776 1092; baseline 0 -1"><span class='ocrx_word' id='word_1_40' title='bbox 495 1039 646 1092; x_wconf 74' lang='lat' dir='ltr'><strong>Penthesilea</strong></span> <span class='ocrx_word' id='word_1_41' title='bbox 659 1041 748 1091; x_wconf 77' lang='lat' dir='ltr'><strong>iurent.</strong></span> <span class='ocrx_word' id='word_1_42' title='bbox 763 1062 776 1081; x_wconf 82' lang='lat'><strong>¹·</strong></span> 
     </span>
    </p>
   </div>
   <div class='ocr_carea' id='block_1_4' title="bbox 388 1201 1328 1280">
    <p class='ocr_par' dir='ltr' id='par_1_4' title="bbox 388 1201 1328 1280">
     <span class='ocr_line' id='line_1_7' title="bbox 388 1201 1328 1280; baseline -0.013 -14"><span class='ocrx_word' id='word_1_43' title='bbox 388 1207 636 1278; x_wconf 72' lang='lat' dir='ltr'><strong>1.ucr.&#39;Sicedd.;</strong></span> <span class='ocrx_word' id='word_1_44' title='bbox 650 1218 680 1263; x_wconf 85' lang='lat' dir='ltr'><strong>nt</strong></span> <span class='ocrx_word' id='word_1_45' title='bbox 695 1206 761 1263; x_wconf 89' lang='lat' dir='ltr'><strong>cod.</strong></span> <span class='ocrx_word' id='word_1_46' title='bbox 775 1205 864 1264; x_wconf 81' lang='lat' dir='ltr'><strong>Paris.</strong></span> <span class='ocrx_word' id='word_1_47' title='bbox 880 1205 957 1260; x_wconf 89' lang='lat' dir='ltr'><strong>hunc</strong></span> <span class='ocrx_word' id='word_1_48' title='bbox 971 1205 1068 1260; x_wconf 87' lang='lat' dir='ltr'><strong>locum</strong></span> <span class='ocrx_word' id='word_1_49' title='bbox 1084 1201 1197 1280; x_wconf 79' lang='lat' dir='ltr'><strong>Virgilii</strong></span> <span class='ocrx_word' id='word_1_50' title='bbox 1211 1203 1328 1258; x_wconf 82' lang='lat' dir='ltr'><strong>habet:</strong></span> 
     </span>
    </p>
   </div>
   <div class='ocr_carea' id='block_1_5' title="bbox 498 1365 1119 1510">
    <p class='ocr_par' dir='ltr' id='par_1_5' title="bbox 498 1365 1119 1510">
     <span class='ocr_line' id='line_1_8' title="bbox 498 1365 1040 1434; baseline -0.011 -12"><span class='ocrx_word' id='word_1_51' title='bbox 498 1370 612 1422; x_wconf 74' lang='lat' dir='ltr'><strong>aniueo</strong></span> <span class='ocrx_word' id='word_1_52' title='bbox 625 1369 735 1421; x_wconf 75' lang='lat' dir='ltr'><strong>exultent</strong></span> <span class='ocrx_word' id='word_1_53' title='bbox 749 1367 838 1420; x_wconf 74' lang='lat' dir='ltr'><strong>lunatio</strong></span> <span class='ocrx_word' id='word_1_54' title='bbox 851 1366 947 1434; x_wconf 77' lang='lat' dir='ltr'><strong>sgmioo</strong></span> <span class='ocrx_word' id='word_1_55' title='bbox 962 1365 1040 1434; x_wconf 81' lang='lat' dir='ltr'><strong>peltis.</strong></span> 
     </span>
     <span class='ocr_line' id='line_1_9' title="bbox 869 1449 1119 1510; baseline -0.008 -10"><span class='ocrx_word' id='word_1_56' title='bbox 869 1449 983 1510; x_wconf 65' lang='lat' dir='ltr'><strong>AEoeid„</strong></span> <span class='ocrx_word' id='word_1_57' title='bbox 999 1468 1042 1509; x_wconf 81' lang='grc' dir='ltr'><strong>ιι,</strong></span> <span class='ocrx_word' id='word_1_58' title='bbox 1056 1451 1119 1498; x_wconf 85' lang='grc'><strong>663.</strong></span> 
     </span>
    </p>
   </div>
   <div class='ocr_carea' id='block_1_6' title="bbox 380 1607 1450 4200">
    <p class='ocr_par' dir='ltr' id='par_1_6' title="bbox 385 1607 1450 1968">
     <span class='ocr_line' id='line_1_10' title="bbox 433 1607 1449 1686; baseline -0.007 -19"><span class='ocrx_word' id='word_1_59' title='bbox 433 1614 512 1667; x_wconf 83' lang='lat' dir='ltr'><strong>Tunc</strong></span> <span class='ocrx_word' id='word_1_60' title='bbox 525 1610 627 1666; x_wconf 81' lang='lat' dir='ltr'><strong>oin&#39;dis</strong></span> <span class='ocrx_word' id='word_1_61' title='bbox 646 1607 687 1686; x_wconf 84' lang='lat' dir='ltr'><strong>(v.</strong></span> <span class='ocrx_word' id='word_1_62' title='bbox 716 1607 793 1686; x_wconf 76' lang='lat' dir='ltr'><strong>olio).</strong></span> <span class='ocrx_word' id='word_1_63' title='bbox 814 1609 903 1664; x_wconf 78' lang='lat' dir='ltr'><strong>Recte</strong></span> <span class='ocrx_word' id='word_1_64' title='bbox 919 1607 1080 1663; x_wconf 80' lang='lat' dir='ltr'><strong>offenditur</strong></span> <span class='ocrx_word' id='word_1_65' title='bbox 1094 1607 1123 1662; x_wconf 88' lang='lat' dir='ltr'><strong>in</strong></span> <span class='ocrx_word' id='word_1_66' title='bbox 1137 1625 1165 1662; x_wconf 80' lang='grc' dir='ltr'><strong>ι.</strong></span> <span class='ocrx_word' id='word_1_67' title='bbox 1185 1621 1261 1662; x_wconf 78' lang='lat' dir='ltr'><strong>tunc.</strong></span> <span class='ocrx_word' id='word_1_68' title='bbox 1279 1609 1342 1662; x_wconf 76' lang='grc' dir='ltr'><strong>ΜΒ</strong></span> <span class='ocrx_word' id='word_1_69' title='bbox 1363 1629 1371 1660; x_wconf 93' lang='lat'>:</span> <span class='ocrx_word' id='word_1_70' title='bbox 1389 1611 1449 1661; x_wconf 71' lang='grc' dir='ltr'><strong>ιῐι-</strong></span> 
     </span>
     <span class='ocr_line' id='line_1_11' title="bbox 387 1699 1450 1776; baseline -0.004 -16"><span class='ocrx_word' id='word_1_71' title='bbox 387 1707 479 1760; x_wconf 83' lang='lat' dir='ltr'><strong>ruitur</strong></span> <span class='ocrx_word' id='word_1_72' title='bbox 493 1706 575 1759; x_wconf 87' lang='lat' dir='ltr'><strong>lucus</strong></span> <span class='ocrx_word' id='word_1_73' title='bbox 596 1721 604 1758; x_wconf 75' lang='lat' dir='ltr'><strong>t</strong></span> <span class='ocrx_word' id='word_1_74' title='bbox 622 1701 680 1758; x_wconf 82' lang='lat' dir='ltr'><strong>late</strong></span> <span class='ocrx_word' id='word_1_75' title='bbox 692 1701 746 1773; x_wconf 82' lang='lat' dir='ltr'><strong>j...</strong></span> <span class='ocrx_word' id='word_1_76' title='bbox 760 1704 882 1774; x_wconf 85' lang='lat' dir='ltr'>Propter</span> <span class='ocrx_word' id='word_1_77' title='bbox 897 1719 961 1776; x_wconf 89' lang='lat' dir='ltr'><strong>op.‚</strong></span> <span class='ocrx_word' id='word_1_78' title='bbox 977 1711 1076 1771; x_wconf 55' lang='grc' dir='ltr'><strong>εἴαρι</strong></span> <span class='ocrx_word' id='word_1_79' title='bbox 1096 1719 1164 1756; x_wconf 79' lang='lat' dir='ltr'><strong>vere</strong></span> <span class='ocrx_word' id='word_1_80' title='bbox 1182 1719 1200 1756; x_wconf 86' lang='lat' dir='ltr'>a</span> <span class='ocrx_word' id='word_1_81' title='bbox 1216 1699 1392 1774; x_wconf 82' lang='lat' dir='ltr'><strong>principi03</strong></span> <span class='ocrx_word' id='word_1_82' title='bbox 1406 1701 1450 1756; x_wconf 84' lang='lat' dir='ltr'><strong>sed</strong></span> 
     </span>
     <span class='ocr_line' id='line_1_12' title="bbox 385 1793 1448 1869; baseline -0.003 -16"><span class='ocrx_word' id='word_1_83' title='bbox 385 1797 453 1854; x_wconf 84' lang='lat' dir='ltr'><strong>vide</strong></span> <span class='ocrx_word' id='word_1_84' title='bbox 467 1815 505 1852; x_wconf 86' lang='lat' dir='ltr'><strong>ne</strong></span> <span class='ocrx_word' id='word_1_85' title='bbox 529 1795 561 1852; x_wconf 91' lang='lat' dir='ltr'><strong>in</strong></span> <span class='ocrx_word' id='word_1_86' title='bbox 584 1812 666 1869; x_wconf 85' lang='lat' dir='ltr'><strong>seqq.</strong></span> <span class='ocrx_word' id='word_1_87' title='bbox 681 1806 853 1868; x_wconf 85' lang='lat' dir='ltr'><strong>corruptum</strong></span> <span class='ocrx_word' id='word_1_88' title='bbox 873 1793 984 1869; x_wconf 82' lang='lat' dir='ltr'><strong>aliquid</strong></span> <span class='ocrx_word' id='word_1_89' title='bbox 1000 1796 1095 1850; x_wconf 81' lang='lat' dir='ltr'><strong>lateat.</strong></span> <span class='ocrx_word' id='word_1_90' title='bbox 1115 1795 1197 1851; x_wconf 85' lang='lat' dir='ltr'><strong>Idem</strong></span> <span class='ocrx_word' id='word_1_91' title='bbox 1218 1794 1306 1864; x_wconf 82' lang='lat' dir='ltr'><strong>cod,</strong></span> <span class='ocrx_word' id='word_1_92' title='bbox 1333 1815 1364 1849; x_wconf 81' lang='lat' dir='ltr'><strong>v.</strong></span> <span class='ocrx_word' id='word_1_93' title='bbox 1384 1794 1448 1857; x_wconf 77' lang='lat'><strong>158,</strong></span> 
     </span>
     <span class='ocr_line' id='line_1_13' title="bbox 386 1891 619 1968; baseline -0.017 -20"><span class='ocrx_word' id='word_1_94' title='bbox 386 1895 467 1968; x_wconf 69' lang='lat' dir='ltr'><strong>ignes</strong></span> <span class='ocrx_word' id='word_1_95' title='bbox 479 1909 536 1966; x_wconf 92' lang='lat' dir='ltr'><strong>pro</strong></span> <span class='ocrx_word' id='word_1_96' title='bbox 550 1891 619 1945; x_wconf 62' lang='lat' dir='ltr'><strong>rios.</strong></span> 
     </span>
    </p>

    <p class='ocr_par' dir='ltr' id='par_1_7' title="bbox 384 1978 1446 2241">
     <span class='ocr_line' id='line_1_14' title="bbox 429 1978 1446 2057; baseline -0.007 -15"><span class='ocrx_word' id='word_1_97' title='bbox 429 1983 588 2042; x_wconf 78' lang='lat' dir='ltr'><strong>crescentio</strong></span> <span class='ocrx_word' id='word_1_98' title='bbox 606 1983 676 2037; x_wconf 73' lang='lat' dir='ltr'><strong>orico</strong></span> <span class='ocrx_word' id='word_1_99' title='bbox 693 1978 732 2055; x_wconf 78' lang='lat' dir='ltr'><strong>(v.</strong></span> <span class='ocrx_word' id='word_1_100' title='bbox 750 1979 831 2057; x_wconf 79' lang='lat' dir='ltr'><strong>oro).</strong></span> <span class='ocrx_word' id='word_1_101' title='bbox 849 1981 949 2036; x_wconf 79' lang='lat' dir='ltr'><strong>«Duru</strong></span> <span class='ocrx_word' id='word_1_102' title='bbox 969 1981 1046 2036; x_wconf 86' lang='lat' dir='ltr'><strong>enim</strong></span> <span class='ocrx_word' id='word_1_103' title='bbox 1064 1980 1167 2054; x_wconf 84' lang='lat' dir='ltr'><strong>incipit</strong></span> <span class='ocrx_word' id='word_1_104' title='bbox 1182 1978 1383 2052; x_wconf 82' lang='lat' dir='ltr'><strong>lieri-coctio,</strong></span> <span class='ocrx_word' id='word_1_105' title='bbox 1400 2001 1446 2035; x_wconf 74' lang='lat' dir='ltr'><strong>sa-</strong></span> 
     </span>
     <span class='ocr_line' id='line_1_15' title="bbox 385 2069 1446 2161; baseline -0.003 -27"><span class='ocrx_word' id='word_1_106' title='bbox 385 2095 471 2154; x_wconf 84' lang='lat' dir='ltr'><strong>pores</strong></span> <span class='ocrx_word' id='word_1_107' title='bbox 491 2075 553 2161; x_wconf 79' lang='lat' dir='ltr'><strong>vini</strong></span> <span class='ocrx_word' id='word_1_108' title='bbox 571 2073 664 2130; x_wconf 85' lang='lat' dir='ltr'><strong>emitti</strong></span> <span class='ocrx_word' id='word_1_109' title='bbox 686 2073 830 2148; x_wconf 88' lang='lat' dir='ltr'><strong>incipiunt</strong></span> <span class='ocrx_word' id='word_1_110' title='bbox 849 2074 948 2143; x_wconf 84' lang='lat' dir='ltr'><strong>etium,</strong></span> <span class='ocrx_word' id='word_1_111' title='bbox 965 2069 1044 2130; x_wconf 87' lang='lat' dir='ltr'><strong>unde</strong></span> <span class='ocrx_word' id='word_1_112' title='bbox 1066 2073 1224 2130; x_wconf 69' lang='lat' dir='ltr'><strong>crescentia</strong></span> <span class='ocrx_word' id='word_1_113' title='bbox 1244 2074 1326 2129; x_wconf 84' lang='lat' dir='ltr'><strong>dixit</strong></span> <span class='ocrx_word' id='word_1_114' title='bbox 1348 2078 1446 2131; x_wconf 67' lang='grc' dir='ltr'><strong>ιιίιιιιι</strong></span> 
     </span>
     <span class='ocr_line' id='line_1_16' title="bbox 384 2164 1358 2241; baseline -0.005 -14"><span class='ocrx_word' id='word_1_115' title='bbox 384 2173 494 2228; x_wconf 64' lang='lat' dir='ltr'><strong>niam.</strong></span> <span class='ocrx_word' id='word_1_116' title='bbox 508 2171 599 2238; x_wconf 75' lang='lat' dir='ltr'><strong>Ante,</strong></span> <span class='ocrx_word' id='word_1_117' title='bbox 612 2185 640 2221; x_wconf 81' lang='lat' dir='ltr'><strong>v.</strong></span> <span class='ocrx_word' id='word_1_118' title='bbox 659 2182 724 2241; x_wconf 87' lang='lat'>197,</span> <span class='ocrx_word' id='word_1_119' title='bbox 737 2164 921 2222; x_wconf 82' lang='lat' dir='ltr'><strong>scribendum</strong></span> <span class='ocrx_word' id='word_1_120' title='bbox 941 2174 1002 2222; x_wconf 82' lang='lat' dir='ltr'><strong>erut</strong></span> <span class='ocrx_word' id='word_1_121' title='bbox 1020 2167 1100 2231; x_wconf 84' lang='lat' dir='ltr'><strong>Leti,</strong></span> <span class='ocrx_word' id='word_1_122' title='bbox 1114 2165 1225 2238; x_wconf 79' lang='lat' dir='ltr'><strong>majore</strong></span> <span class='ocrx_word' id='word_1_123' title='bbox 1243 2167 1358 2222; x_wconf 81' lang='lat' dir='ltr'><strong>littera.</strong></span> 
     </span>
    </p>

    <p class='ocr_par' dir='ltr' id='par_1_8' title="bbox 383 2257 1447 2522">
     <span class='ocr_line' id='line_1_17' title="bbox 431 2257 1446 2336; baseline -0.006 -18"><span class='ocrx_word' id='word_1_124' title='bbox 431 2263 515 2336; x_wconf 84' lang='lat' dir='ltr'><strong>Quod</strong></span> <span class='ocrx_word' id='word_1_125' title='bbox 536 2276 591 2318; x_wconf 82' lang='lat' dir='ltr'><strong>te...</strong></span> <span class='ocrx_word' id='word_1_126' title='bbox 619 2261 698 2334; x_wconf 85' lang='lat' dir='ltr'><strong>qood</strong></span> <span class='ocrx_word' id='word_1_127' title='bbox 721 2271 758 2315; x_wconf 86' lang='lat' dir='ltr'><strong>te.</strong></span> <span class='ocrx_word' id='word_1_128' title='bbox 781 2257 822 2336; x_wconf 80' lang='lat' dir='ltr'><strong>(v.</strong></span> <span class='ocrx_word' id='word_1_129' title='bbox 845 2259 924 2334; x_wconf 78' lang='lat' dir='ltr'><strong>noo).</strong></span> <span class='ocrx_word' id='word_1_130' title='bbox 949 2259 1036 2316; x_wconf 87' lang='lat' dir='ltr'><strong>Multi</strong></span> <span class='ocrx_word' id='word_1_131' title='bbox 1059 2257 1160 2328; x_wconf 86' lang='lat' dir='ltr'><strong>codd,</strong></span> <span class='ocrx_word' id='word_1_132' title='bbox 1182 2257 1214 2312; x_wconf 89' lang='lat' dir='ltr'><strong>in</strong></span> <span class='ocrx_word' id='word_1_133' title='bbox 1236 2259 1355 2333; x_wconf 87' lang='lat' dir='ltr'><strong>quibus</strong></span> <span class='ocrx_word' id='word_1_134' title='bbox 1375 2260 1446 2316; x_wconf 73' lang='lat' dir='ltr'><strong>NB:</strong></span> 
     </span>
     <span class='ocr_line' id='line_1_18' title="bbox 383 2351 1447 2433; baseline -0.005 -20"><span class='ocrx_word' id='word_1_135' title='bbox 383 2355 569 2433; x_wconf 72' lang='lat' dir='ltr'><strong>qucil....qoid.</strong></span> <span class='ocrx_word' id='word_1_136' title='bbox 593 2352 683 2422; x_wconf 90' lang='lat' dir='ltr'><strong>Quod</strong></span> <span class='ocrx_word' id='word_1_137' title='bbox 703 2352 806 2407; x_wconf 86' lang='lat' dir='ltr'><strong>merito</strong></span> <span class='ocrx_word' id='word_1_138' title='bbox 836 2351 918 2408; x_wconf 83' lang='lat' dir='ltr'><strong>alteri</strong></span> <span class='ocrx_word' id='word_1_139' title='bbox 941 2352 1107 2426; x_wconf 82' lang='lat' dir='ltr'><strong>postposuit</strong></span> <span class='ocrx_word' id='word_1_140' title='bbox 1129 2353 1283 2423; x_wconf 63' lang='lat' dir='ltr'><strong>Gronov„</strong></span> <span class='ocrx_word' id='word_1_141' title='bbox 1310 2353 1367 2409; x_wconf 78' lang='lat' dir='ltr'><strong>sed</strong></span> <span class='ocrx_word' id='word_1_142' title='bbox 1387 2365 1447 2428; x_wconf 78' lang='lat' dir='ltr'><strong>post</strong></span> 
     </span>
     <span class='ocr_line' id='line_1_19' title="bbox 384 2444 1056 2522; baseline -0.009 -16"><span class='ocrx_word' id='word_1_143' title='bbox 384 2449 516 2506; x_wconf 71' lang='lat' dir='ltr'><strong>recordor</strong></span> <span class='ocrx_word' id='word_1_144' title='bbox 526 2446 621 2502; x_wconf 84' lang='lat' dir='ltr'><strong>minus</strong></span> <span class='ocrx_word' id='word_1_145' title='bbox 635 2447 722 2519; x_wconf 81' lang='lat' dir='ltr'><strong>plene</strong></span> <span class='ocrx_word' id='word_1_146' title='bbox 736 2444 973 2522; x_wconf 82' lang='lat' dir='ltr'><strong>distinguendum</strong></span> <span class='ocrx_word' id='word_1_147' title='bbox 986 2455 1056 2502; x_wconf 81' lang='lat' dir='ltr'><strong>eret.</strong></span> 
     </span>
    </p>

    <p class='ocr_par' dir='ltr' id='par_1_9' title="bbox 380 2537 1445 3451">
     <span class='ocr_line' id='line_1_20' title="bbox 425 2537 1445 2614; baseline 0 -17"><span class='ocrx_word' id='word_1_148' title='bbox 425 2542 554 2598; x_wconf 81' lang='lat' dir='ltr'><strong>Cmentoe</strong></span> <span class='ocrx_word' id='word_1_149' title='bbox 568 2539 688 2592; x_wconf 80' lang='lat' dir='ltr'><em>Vulnere</em></span> <span class='ocrx_word' id='word_1_150' title='bbox 705 2538 900 2610; x_wconf 75' lang='lat' dir='ltr'><strong>Mimydonis</strong></span> <span class='ocrx_word' id='word_1_151' title='bbox 910 2537 948 2614; x_wconf 82' lang='lat' dir='ltr'><strong>(r.</strong></span> <span class='ocrx_word' id='word_1_152' title='bbox 967 2537 1046 2608; x_wconf 73' lang='lat' dir='ltr'><strong>nol).</strong></span> <span class='ocrx_word' id='word_1_153' title='bbox 1063 2541 1156 2595; x_wconf 88' lang='lat' dir='ltr'><strong>Immo</strong></span> <span class='ocrx_word' id='word_1_154' title='bbox 1171 2539 1382 2612; x_wconf 70' lang='lat' dir='ltr'><strong>Myrmidonis.</strong></span> <span class='ocrx_word' id='word_1_155' title='bbox 1393 2543 1445 2597; x_wconf 86' lang='lat' dir='ltr'><strong>Sed</strong></span> 
     </span>
     <span class='ocr_line' id='line_1_21' title="bbox 383 2619 1444 2706; baseline -0.001 -15"><span class='ocrx_word' id='word_1_156' title='bbox 383 2654 444 2692; x_wconf 90' lang='lat' dir='ltr'><strong>nou</strong></span> <span class='ocrx_word' id='word_1_157' title='bbox 466 2628 652 2706; x_wconf 80' lang='lat' dir='ltr'><strong>imputandus</strong></span> <span class='ocrx_word' id='word_1_158' title='bbox 675 2629 768 2685; x_wconf 77' lang='lat' dir='ltr'><strong>Statio</strong></span> <span class='ocrx_word' id='word_1_159' title='bbox 784 2630 928 2706; x_wconf 81' lang='lat' dir='ltr'><strong>genitivus</strong></span> <span class='ocrx_word' id='word_1_160' title='bbox 946 2631 1019 2688; x_wconf 79' lang='lat' dir='ltr'><strong>talis</strong></span> <span class='ocrx_word' id='word_1_161' title='bbox 1035 2631 1103 2688; x_wconf 88' lang='lat' dir='ltr'><strong>Vid.</strong></span> <span class='ocrx_word' id='word_1_162' title='bbox 1122 2619 1297 2689; x_wconf 77' lang='lat' dir='ltr'><strong>Stihneideri</strong></span> <span class='ocrx_word' id='word_1_163' title='bbox 1320 2635 1444 2690; x_wconf 71' lang='lat' dir='ltr'><strong>Gramen.</strong></span> 
     </span>
     <span class='ocr_line' id='line_1_22' title="bbox 384 2723 1445 2800; baseline 0 -17"><span class='ocrx_word' id='word_1_164' title='bbox 384 2729 451 2793; x_wconf 76' lang='lat' dir='ltr'><strong>lat,</strong></span> <span class='ocrx_word' id='word_1_165' title='bbox 472 2726 530 2781; x_wconf 74' lang='lat' dir='ltr'><strong>rol.</strong></span> <span class='ocrx_word' id='word_1_166' title='bbox 549 2743 590 2792; x_wconf 88' lang='grc' dir='ltr'><strong>ιι,</strong></span> <span class='ocrx_word' id='word_1_167' title='bbox 608 2741 638 2798; x_wconf 90' lang='lat' dir='ltr'><strong>p.</strong></span> <span class='ocrx_word' id='word_1_168' title='bbox 663 2741 728 2796; x_wconf 84' lang='lat'><strong>197,</strong></span> <span class='ocrx_word' id='word_1_169' title='bbox 742 2733 804 2779; x_wconf 86' lang='lat' dir='ltr'><strong>not.</strong></span> <span class='ocrx_word' id='word_1_170' title='bbox 824 2723 932 2780; x_wconf 84' lang='lat' dir='ltr'><strong>dehoc</strong></span> <span class='ocrx_word' id='word_1_171' title='bbox 948 2725 1024 2780; x_wconf 90' lang='lat' dir='ltr'><strong>loco.</strong></span> <span class='ocrx_word' id='word_1_172' title='bbox 1039 2725 1129 2781; x_wconf 82' lang='lat' dir='ltr'><strong>Recte</strong></span> <span class='ocrx_word' id='word_1_173' title='bbox 1145 2725 1296 2781; x_wconf 74' lang='lat' dir='ltr'><strong>weberus</strong></span> <span class='ocrx_word' id='word_1_174' title='bbox 1311 2729 1445 2800; x_wconf 75' lang='lat' dir='ltr'><strong>probarit</strong></span> 
     </span>
     <span class='ocr_line' id='line_1_23' title="bbox 382 2817 1444 2892; baseline 0 -16"><span class='ocrx_word' id='word_1_175' title='bbox 382 2819 533 2876; x_wconf 84' lang='lat' dir='ltr'><strong>lectionem</strong></span> <span class='ocrx_word' id='word_1_176' title='bbox 548 2819 618 2892; x_wconf 79' lang='lat' dir='ltr'><strong>Reg.</strong></span> <span class='ocrx_word' id='word_1_177' title='bbox 642 2835 654 2870; x_wconf 93' lang='lat'>1</span> <span class='ocrx_word' id='word_1_178' title='bbox 677 2836 684 2871; x_wconf 74' lang='grc' dir='ltr'><strong>ε</strong></span> <span class='ocrx_word' id='word_1_179' title='bbox 706 2817 915 2888; x_wconf 59' lang='lat' dir='ltr'><strong>injunctiones,</strong></span> <span class='ocrx_word' id='word_1_180' title='bbox 939 2835 1003 2892; x_wconf 77' lang='lat' dir='ltr'><strong>que</strong></span> <span class='ocrx_word' id='word_1_181' title='bbox 1027 2817 1057 2872; x_wconf 91' lang='lat' dir='ltr'><strong>in</strong></span> <span class='ocrx_word' id='word_1_182' title='bbox 1075 2819 1131 2873; x_wconf 80' lang='grc' dir='ltr'><strong>ΜΒ</strong></span> <span class='ocrx_word' id='word_1_183' title='bbox 1153 2817 1299 2875; x_wconf 75' lang='lat' dir='ltr'><strong>exstitisse</strong></span> <span class='ocrx_word' id='word_1_184' title='bbox 1319 2821 1444 2888; x_wconf 81' lang='lat' dir='ltr'><strong>videtur,</strong></span> 
     </span>
     <span class='ocr_line' id='line_1_24' title="bbox 382 2906 1445 2983; baseline 0 -15"><span class='ocrx_word' id='word_1_185' title='bbox 382 2912 461 2968; x_wconf 85' lang='lat' dir='ltr'><strong>unde</strong></span> <span class='ocrx_word' id='word_1_186' title='bbox 489 2908 622 2965; x_wconf 83' lang='lat' dir='ltr'><strong>Barthius</strong></span> <span class='ocrx_word' id='word_1_187' title='bbox 647 2907 776 2964; x_wconf 81' lang='lat' dir='ltr'><strong>enotavit</strong></span> <span class='ocrx_word' id='word_1_188' title='bbox 801 2906 988 2983; x_wconf 78' lang='lat' dir='ltr'><strong>Mirmyones.</strong></span> <span class='ocrx_word' id='word_1_189' title='bbox 1013 2909 1155 2966; x_wconf 83' lang='lat' dir='ltr'><strong>Nimirum</strong></span> <span class='ocrx_word' id='word_1_190' title='bbox 1177 2911 1289 2966; x_wconf 79' lang='lat' dir='ltr'><strong>Statius</strong></span> <span class='ocrx_word' id='word_1_191' title='bbox 1315 2924 1350 2968; x_wconf 87' lang='lat' dir='ltr'><strong>ut</strong></span> <span class='ocrx_word' id='word_1_192' title='bbox 1376 2916 1445 2970; x_wconf 79' lang='lat' dir='ltr'><strong>lunc</strong></span> 
     </span>
     <span class='ocr_line' id='line_1_25' title="bbox 382 2999 1444 3076; baseline 0.003 -17"><span class='ocrx_word' id='word_1_193' title='bbox 382 3003 532 3060; x_wconf 80' lang='lat' dir='ltr'><strong>historiam</strong></span> <span class='ocrx_word' id='word_1_194' title='bbox 541 3001 579 3056; x_wconf 80' lang='lat' dir='ltr'><strong>ad</strong></span> <span class='ocrx_word' id='word_1_195' title='bbox 588 3001 699 3076; x_wconf 83' lang='lat' dir='ltr'><strong>singula</strong></span> <span class='ocrx_word' id='word_1_196' title='bbox 714 2999 888 3070; x_wconf 79' lang='lat' dir='ltr'><strong>deduceret,</strong></span> <span class='ocrx_word' id='word_1_197' title='bbox 902 3019 969 3057; x_wconf 84' lang='lat' dir='ltr'><strong>usus</strong></span> <span class='ocrx_word' id='word_1_198' title='bbox 977 3021 1037 3059; x_wconf 84' lang='lat' dir='ltr'><strong>esse</strong></span> <span class='ocrx_word' id='word_1_199' title='bbox 1050 3003 1167 3060; x_wconf 81' lang='lat' dir='ltr'><strong>videtur</strong></span> <span class='ocrx_word' id='word_1_200' title='bbox 1180 3003 1266 3058; x_wconf 87' lang='lat' dir='ltr'><strong>simili</strong></span> <span class='ocrx_word' id='word_1_201' title='bbox 1277 3007 1444 3062; x_wconf 80' lang='lat' dir='ltr'><strong>Danaidum</strong></span> 
     </span>
     <span class='ocr_line' id='line_1_26' title="bbox 383 3092 1443 3176; baseline 0.003 -24"><span class='ocrx_word' id='word_1_202' title='bbox 383 3095 494 3165; x_wconf 82' lang='lat' dir='ltr'><strong>sabula,</strong></span> <span class='ocrx_word' id='word_1_203' title='bbox 507 3111 569 3149; x_wconf 88' lang='lat' dir='ltr'><strong>nou</strong></span> <span class='ocrx_word' id='word_1_204' title='bbox 583 3112 619 3148; x_wconf 82' lang='lat' dir='ltr'><strong>ex</strong></span> <span class='ocrx_word' id='word_1_205' title='bbox 637 3092 817 3166; x_wconf 75' lang='lat' dir='ltr'><strong>Apollodori</strong></span> <span class='ocrx_word' id='word_1_206' title='bbox 834 3095 1015 3166; x_wconf 79' lang='lat' dir='ltr'><strong>narratione,</strong></span> <span class='ocrx_word' id='word_1_207' title='bbox 1030 3115 1072 3166; x_wconf 87' lang='grc' dir='ltr'><strong>ιι,</strong></span> <span class='ocrx_word' id='word_1_208' title='bbox 1094 3115 1127 3166; x_wconf 85' lang='grc' dir='ltr'><strong>ι,</strong></span> <span class='ocrx_word' id='word_1_209' title='bbox 1142 3099 1157 3166; x_wconf 79' lang='grc' dir='ltr'><strong>ς</strong></span> <span class='ocrx_word' id='word_1_210' title='bbox 1173 3095 1205 3166; x_wconf 85' lang='grc'><strong>5,</strong></span> <span class='ocrx_word' id='word_1_211' title='bbox 1219 3097 1273 3154; x_wconf 88' lang='lat' dir='ltr'><strong>sed</strong></span> <span class='ocrx_word' id='word_1_212' title='bbox 1284 3117 1323 3153; x_wconf 83' lang='lat' dir='ltr'><strong>ex</strong></span> <span class='ocrx_word' id='word_1_213' title='bbox 1339 3101 1443 3176; x_wconf 76' lang='lat' dir='ltr'><strong>Hygini</strong></span> 
     </span>
     <span class='ocr_line' id='line_1_27' title="bbox 380 3187 1442 3262; baseline 0.005 -19"><span class='ocrx_word' id='word_1_214' title='bbox 380 3189 441 3259; x_wconf 85' lang='lat' dir='ltr'><strong>fob.</strong></span> <span class='ocrx_word' id='word_1_215' title='bbox 467 3205 558 3256; x_wconf 79' lang='lat' dir='ltr'><strong>cuxx,</strong></span> <span class='ocrx_word' id='word_1_216' title='bbox 579 3187 632 3241; x_wconf 89' lang='lat' dir='ltr'><strong>ubi</strong></span> <span class='ocrx_word' id='word_1_217' title='bbox 653 3200 711 3242; x_wconf 82' lang='lat' dir='ltr'><strong>urta</strong></span> <span class='ocrx_word' id='word_1_218' title='bbox 731 3205 829 3242; x_wconf 84' lang='lat' dir='ltr'><strong>earum</strong></span> <span class='ocrx_word' id='word_1_219' title='bbox 846 3189 1036 3262; x_wconf 62' lang='lat' dir='ltr'><strong>Myrmidono</strong></span> <span class='ocrx_word' id='word_1_220' title='bbox 1061 3191 1104 3247; x_wconf 84' lang='lat' dir='ltr'><strong>Cs.</strong></span> <span class='ocrx_word' id='word_1_221' title='bbox 1121 3191 1266 3246; x_wconf 83' lang='lat' dir='ltr'><strong>Welckeri</strong></span> <span class='ocrx_word' id='word_1_222' title='bbox 1288 3206 1442 3249; x_wconf 81' lang='lat' dir='ltr'><strong>comment</strong></span> 
     </span>
     <span class='ocr_line' id='line_1_28' title="bbox 382 3279 1441 3358; baseline 0.004 -22"><span class='ocrx_word' id='word_1_223' title='bbox 382 3281 468 3338; x_wconf 79' lang='lat' dir='ltr'><strong>treber</strong></span> <span class='ocrx_word' id='word_1_224' title='bbox 486 3281 543 3334; x_wconf 82' lang='lat' dir='ltr'><strong>den</strong></span> <span class='ocrx_word' id='word_1_225' title='bbox 555 3279 722 3354; x_wconf 70' lang='lat' dir='ltr'><strong>geschichtl.</strong></span> <span class='ocrx_word' id='word_1_226' title='bbox 741 3281 842 3336; x_wconf 66' lang='grc' dir='ltr'><strong>(ἔπειτά</strong></span> <span class='ocrx_word' id='word_1_227' title='bbox 847 3282 901 3336; x_wconf 81' lang='lat' dir='ltr'><strong>der</strong></span> <span class='ocrx_word' id='word_1_228' title='bbox 921 3282 1000 3358; x_wconf 76' lang='lat' dir='ltr'><strong>Sage</strong></span> <span class='ocrx_word' id='word_1_229' title='bbox 1013 3301 1081 3338; x_wconf 76' lang='lat' dir='ltr'><strong>mm</strong></span> <span class='ocrx_word' id='word_1_230' title='bbox 1096 3284 1271 3338; x_wconf 73' lang='lat' dir='ltr'><strong>temnischen</strong></span> <span class='ocrx_word' id='word_1_231' title='bbox 1291 3287 1441 3342; x_wconf 71' lang='lat' dir='ltr'><strong>Mamm-</strong></span> 
     </span>
     <span class='ocr_line' id='line_1_29' title="bbox 382 3371 1268 3451; baseline 0 -21"><span class='ocrx_word' id='word_1_232' title='bbox 382 3375 479 3440; x_wconf 76' lang='lat' dir='ltr'><strong>moni,</strong></span> <span class='ocrx_word' id='word_1_233' title='bbox 495 3373 526 3428; x_wconf 92' lang='lat' dir='ltr'><strong>in</strong></span> <span class='ocrx_word' id='word_1_234' title='bbox 541 3371 618 3428; x_wconf 88' lang='lat' dir='ltr'><strong>libro</strong></span> <span class='ocrx_word' id='word_1_235' title='bbox 635 3375 691 3428; x_wconf 83' lang='lat' dir='ltr'><strong>Die</strong></span> <span class='ocrx_word' id='word_1_236' title='bbox 704 3374 908 3447; x_wconf 74' lang='lat' dir='ltr'><strong>Aeschyliscde</strong></span> <span class='ocrx_word' id='word_1_237' title='bbox 924 3375 1063 3450; x_wconf 73' lang='lat' dir='ltr'><strong>llilogie,</strong></span> <span class='ocrx_word' id='word_1_238' title='bbox 1080 3395 1110 3450; x_wconf 92' lang='lat' dir='ltr'><strong>p.</strong></span> <span class='ocrx_word' id='word_1_239' title='bbox 1131 3374 1187 3434; x_wconf 81' lang='lat'><strong>585</strong></span> <span class='ocrx_word' id='word_1_240' title='bbox 1203 3395 1268 3451; x_wconf 86' lang='lat' dir='ltr'><strong>sqq.</strong></span> 
     </span>
    </p>

    <p class='ocr_par' dir='ltr' id='par_1_10' title="bbox 381 3455 1439 3730">
     <span class='ocr_line' id='line_1_30' title="bbox 404 3455 1439 3545; baseline 0.001 -22"><span class='ocrx_word' id='word_1_241' title='bbox 404 3455 406 3460; x_wconf 38' lang='lat'><strong>¹</strong></span> <span class='ocrx_word' id='word_1_242' title='bbox 426 3467 591 3523; x_wconf 79' lang='lat' dir='ltr'><strong>Etiamnum</strong></span> <span class='ocrx_word' id='word_1_243' title='bbox 610 3465 639 3520; x_wconf 81' lang='lat' dir='ltr'><strong>io</strong></span> <span class='ocrx_word' id='word_1_244' title='bbox 660 3485 803 3521; x_wconf 82' lang='lat' dir='ltr'><strong>murmure</strong></span> <span class='ocrx_word' id='word_1_245' title='bbox 818 3477 930 3524; x_wconf 81' lang='lat' dir='ltr'><strong>truncos</strong></span> <span class='ocrx_word' id='word_1_246' title='bbox 954 3465 993 3544; x_wconf 83' lang='lat' dir='ltr'><strong>(v.</strong></span> <span class='ocrx_word' id='word_1_247' title='bbox 1013 3465 1092 3545; x_wconf 78' lang='lat'><strong>237).</strong></span> <span class='ocrx_word' id='word_1_248' title='bbox 1111 3471 1166 3524; x_wconf 86' lang='grc' dir='ltr'><strong>ΜΒ</strong></span> <span class='ocrx_word' id='word_1_249' title='bbox 1182 3489 1189 3523; x_wconf 89' lang='lat'><strong>:</strong></span> <span class='ocrx_word' id='word_1_250' title='bbox 1204 3471 1293 3524; x_wconf 76' lang='lat' dir='ltr'><strong>etiam</strong></span> <span class='ocrx_word' id='word_1_251' title='bbox 1310 3491 1389 3526; x_wconf 75' lang='lat' dir='ltr'><strong>nuuc</strong></span> <span class='ocrx_word' id='word_1_252' title='bbox 1406 3493 1439 3526; x_wconf 85' lang='grc' dir='ltr'>ιιι.</span> 
     </span>
     <span class='ocr_line' id='line_1_31' title="bbox 382 3558 1439 3636; baseline 0.004 -21"><span class='ocrx_word' id='word_1_253' title='bbox 382 3570 410 3615; x_wconf 88' lang='lat' dir='ltr'><strong>et</strong></span> <span class='ocrx_word' id='word_1_254' title='bbox 428 3558 499 3614; x_wconf 89' lang='lat' dir='ltr'><strong>alius</strong></span> <span class='ocrx_word' id='word_1_255' title='bbox 513 3577 646 3628; x_wconf 76' lang='lat' dir='ltr'><strong>crunno,</strong></span> <span class='ocrx_word' id='word_1_256' title='bbox 667 3558 749 3633; x_wconf 89' lang='lat' dir='ltr'><strong>quod</strong></span> <span class='ocrx_word' id='word_1_257' title='bbox 769 3578 921 3616; x_wconf 74' lang='lat' dir='ltr'><strong>senceum</strong></span> <span class='ocrx_word' id='word_1_258' title='bbox 941 3560 1068 3616; x_wconf 86' lang='lat' dir='ltr'><strong>Webero</strong></span> <span class='ocrx_word' id='word_1_259' title='bbox 1089 3562 1206 3618; x_wconf 85' lang='lat' dir='ltr'><strong>videtur</strong></span> <span class='ocrx_word' id='word_1_260' title='bbox 1228 3565 1439 3636; x_wconf 71' lang='lat' dir='ltr'><strong>pmlermdon</strong></span> 
     </span>
     <span class='ocr_line' id='line_1_32' title="bbox 381 3649 1336 3730; baseline 0.006 -24"><span class='ocrx_word' id='word_1_261' title='bbox 381 3662 410 3706; x_wconf 86' lang='lat' dir='ltr'><strong>et</strong></span> <span class='ocrx_word' id='word_1_262' title='bbox 430 3649 598 3724; x_wconf 68' lang='lat' dir='ltr'><strong>praepositio</strong></span> <span class='ocrx_word' id='word_1_263' title='bbox 613 3649 744 3707; x_wconf 84' lang='lat' dir='ltr'><strong>delenda.</strong></span> <span class='ocrx_word' id='word_1_264' title='bbox 759 3655 840 3725; x_wconf 80' lang='lat' dir='ltr'><strong>Post,</strong></span> <span class='ocrx_word' id='word_1_265' title='bbox 856 3663 985 3726; x_wconf 80' lang='lat' dir='ltr'><strong>egentem</strong></span> <span class='ocrx_word' id='word_1_266' title='bbox 999 3655 1162 3730; x_wconf 64' lang='lat' dir='ltr'><strong>sangarius,</strong></span> <span class='ocrx_word' id='word_1_267' title='bbox 1179 3663 1212 3710; x_wconf 85' lang='lat' dir='ltr'><strong>ut</strong></span> <span class='ocrx_word' id='word_1_268' title='bbox 1226 3675 1336 3712; x_wconf 82' lang='lat' dir='ltr'><strong>senem.</strong></span> 
     </span>
    </p>

    <p class='ocr_par' dir='ltr' id='par_1_11' title="bbox 422 3743 1171 3822">
     <span class='ocr_line' id='line_1_33' title="bbox 422 3743 1171 3822; baseline 0.003 -24"><span class='ocrx_word' id='word_1_269' title='bbox 422 3744 489 3798; x_wconf 81' lang='lat' dir='ltr'><strong>Etsi</strong></span> <span class='ocrx_word' id='word_1_270' title='bbox 501 3745 564 3797; x_wconf 84' lang='lat' dir='ltr'><strong>loto</strong></span> <span class='ocrx_word' id='word_1_271' title='bbox 579 3745 694 3800; x_wconf 82' lang='lat' dir='ltr'><strong>recessit</strong></span> <span class='ocrx_word' id='word_1_272' title='bbox 708 3743 745 3821; x_wconf 83' lang='lat' dir='ltr'><strong>(v.</strong></span> <span class='ocrx_word' id='word_1_273' title='bbox 762 3743 841 3822; x_wconf 58' lang='grc' dir='ltr'>ιιι).</span> <span class='ocrx_word' id='word_1_274' title='bbox 856 3747 912 3800; x_wconf 82' lang='grc' dir='ltr'><strong>ΜΒ</strong></span> <span class='ocrx_word' id='word_1_275' title='bbox 926 3765 934 3800; x_wconf 91' lang='lat'>:</span> <span class='ocrx_word' id='word_1_276' title='bbox 948 3745 1036 3803; x_wconf 70' lang='lat' dir='ltr'><strong>ilicet</strong></span> <span class='ocrx_word' id='word_1_277' title='bbox 1049 3749 1106 3804; x_wconf 77' lang='lat' dir='ltr'><strong>ulta</strong></span> <span class='ocrx_word' id='word_1_278' title='bbox 1123 3767 1147 3805; x_wconf 86' lang='lat' dir='ltr'><strong>r.</strong></span> <span class='ocrx_word' id='word_1_279' title='bbox 1159 3774 1171 3800; x_wconf 73' lang='grc' dir='ltr'>ι</span> 
     </span>
    </p>

    <p class='ocr_par' dir='ltr' id='par_1_12' title="bbox 423 3833 1385 3915">
     <span class='ocr_line' id='line_1_34' title="bbox 423 3833 1385 3915; baseline 0.009 -23"><span class='ocrx_word' id='word_1_280' title='bbox 423 3838 489 3892; x_wconf 84' lang='lat' dir='ltr'><strong>Non</strong></span> <span class='ocrx_word' id='word_1_281' title='bbox 502 3837 604 3892; x_wconf 77' lang='lat' dir='ltr'><strong>sterius</strong></span> <span class='ocrx_word' id='word_1_282' title='bbox 619 3834 658 3914; x_wconf 83' lang='grc' dir='ltr'><strong>(ι.</strong></span> <span class='ocrx_word' id='word_1_283' title='bbox 679 3833 757 3915; x_wconf 79' lang='lat'><strong>261).</strong></span> <span class='ocrx_word' id='word_1_284' title='bbox 773 3838 876 3895; x_wconf 83' lang='lat' dir='ltr'><strong>Markl.</strong></span> <span class='ocrx_word' id='word_1_285' title='bbox 897 3841 940 3894; x_wconf 85' lang='lat' dir='ltr'><strong>ad</strong></span> <span class='ocrx_word' id='word_1_286' title='bbox 954 3841 1038 3908; x_wconf 72' lang='lat' dir='ltr'><strong>Sim,</strong></span> <span class='ocrx_word' id='word_1_287' title='bbox 1054 3861 1093 3911; x_wconf 90' lang='grc' dir='ltr'><strong>ιι,</strong></span> <span class='ocrx_word' id='word_1_288' title='bbox 1107 3842 1139 3912; x_wconf 89' lang='grc'><strong>6,</strong></span> <span class='ocrx_word' id='word_1_289' title='bbox 1155 3841 1194 3898; x_wconf 77' lang='lat'><strong>82</strong></span> <span class='ocrx_word' id='word_1_290' title='bbox 1210 3845 1267 3898; x_wconf 79' lang='grc' dir='ltr'><strong>τΝ.</strong></span> <span class='ocrx_word' id='word_1_291' title='bbox 1281 3847 1385 3901; x_wconf 63' lang='lat' dir='ltr'><strong>sectos.</strong></span> 
     </span>
    </p>

    <p class='ocr_par' dir='ltr' id='par_1_13' title="bbox 382 3929 1435 4099">
     <span class='ocr_line' id='line_1_35' title="bbox 425 3929 1435 4010; baseline 0.009 -25"><span class='ocrx_word' id='word_1_292' title='bbox 425 3933 508 3985; x_wconf 74' lang='lat' dir='ltr'><strong>Vism</strong></span> <span class='ocrx_word' id='word_1_293' title='bbox 522 3929 683 3987; x_wconf 80' lang='lat' dir='ltr'><strong>arcentibus</strong></span> <span class='ocrx_word' id='word_1_294' title='bbox 700 3931 804 3987; x_wconf 69' lang='lat' dir='ltr'><strong>ulubris</strong></span> <span class='ocrx_word' id='word_1_295' title='bbox 822 3931 860 4008; x_wconf 81' lang='lat' dir='ltr'><strong>(v.</strong></span> <span class='ocrx_word' id='word_1_296' title='bbox 880 3929 960 4010; x_wconf 76' lang='lat'><strong>285).</strong></span> <span class='ocrx_word' id='word_1_297' title='bbox 980 3959 993 3984; x_wconf 75' lang='grc' dir='ltr'>ι</span> <span class='ocrx_word' id='word_1_298' title='bbox 1003 3933 1088 3991; x_wconf 89' lang='lat' dir='ltr'><strong>Visus</strong></span> <span class='ocrx_word' id='word_1_299' title='bbox 1104 3936 1244 4006; x_wconf 68' lang='lat' dir='ltr'><strong>aliorum</strong></span> <span class='ocrx_word' id='word_1_300' title='bbox 1256 3937 1370 3993; x_wconf 84' lang='lat' dir='ltr'><strong>umbris</strong></span> <span class='ocrx_word' id='word_1_301' title='bbox 1384 3939 1435 3995; x_wconf 87' lang='lat' dir='ltr'><strong>iru-</strong></span> 
     </span>
     <span class='ocr_line' id='line_1_36' title="bbox 382 4023 1089 4099; baseline 0.006 -21"><span class='ocrx_word' id='word_1_302' title='bbox 382 4023 581 4098; x_wconf 86' lang='lat' dir='ltr'><strong>pedientibus,</strong></span> <span class='ocrx_word' id='word_1_303' title='bbox 593 4041 631 4078; x_wconf 90' lang='lat' dir='ltr'><strong>ne</strong></span> <span class='ocrx_word' id='word_1_304' title='bbox 644 4043 698 4080; x_wconf 88' lang='lat' dir='ltr'><strong>nos</strong></span> <span class='ocrx_word' id='word_1_305' title='bbox 717 4026 980 4099; x_wconf 72' lang='lat' dir='ltr'><strong>conspiceremur.»</strong></span> <span class='ocrx_word' id='word_1_306' title='bbox 995 4029 1089 4084; x_wconf 72' lang='lat' dir='ltr'><strong>Goon.</strong></span> 
     </span>
    </p>

    <p class='ocr_par' dir='ltr' id='par_1_14' title="bbox 422 4117 1433 4200">
     <span class='ocr_line' id='line_1_37' title="bbox 422 4117 1433 4200; baseline 0.011 -30"><span class='ocrx_word' id='word_1_307' title='bbox 422 4117 497 4190; x_wconf 84' lang='lat' dir='ltr'><strong>Ipsa</strong></span> <span class='ocrx_word' id='word_1_308' title='bbox 510 4118 604 4191; x_wconf 78' lang='lat' dir='ltr'><strong>gradu</strong></span> <span class='ocrx_word' id='word_1_309' title='bbox 621 4119 727 4186; x_wconf 75' lang='lat' dir='ltr'><strong>uitem,</strong></span> <span class='ocrx_word' id='word_1_310' title='bbox 742 4117 833 4175; x_wconf 83' lang='lat' dir='ltr'><strong>sedet</strong></span> <span class='ocrx_word' id='word_1_311' title='bbox 846 4122 937 4176; x_wconf 72' lang='lat' dir='ltr'><strong>onnia</strong></span> <span class='ocrx_word' id='word_1_312' title='bbox 947 4133 1018 4177; x_wconf 80' lang='lat' dir='ltr'><strong>retro</strong></span> <span class='ocrx_word' id='word_1_313' title='bbox 1034 4123 1155 4177; x_wconf 82' lang='lat' dir='ltr'><strong>Pectora</strong></span> <span class='ocrx_word' id='word_1_314' title='bbox 1169 4119 1208 4198; x_wconf 81' lang='lat' dir='ltr'><strong>(v.</strong></span> <span class='ocrx_word' id='word_1_315' title='bbox 1225 4121 1307 4200; x_wconf 70' lang='lat'><strong>293).</strong></span> <span class='ocrx_word' id='word_1_316' title='bbox 1322 4126 1433 4200; x_wconf 77' lang='lat' dir='ltr'><strong>Integra</strong></span> 
     </span>
    </p>
   </div>
   <div class='ocr_carea' id='block_1_7' title="bbox 0 0 1544 5136">
    <p class='ocr_par' dir='ltr' id='par_1_15' title="bbox 0 0 1544 5136">
     <span class='ocr_line' id='line_1_38' title="bbox 0 0 1544 5136; baseline 0 3"><span class='ocrx_word' id='word_1_317' title='bbox 0 0 1544 5136; x_wconf 95' lang='lat' dir='ltr'><strong> </strong></span> 
     </span>
    </p>
   </div>
  </div>
 </body>
</html>
