<?xml version="1.0" encoding="UTF-8"?>
<!DOCTYPE html PUBLIC "-//W3C//DTD XHTML 1.0 Transitional//EN"
    "http://www.w3.org/TR/xhtml1/DTD/xhtml1-transitional.dtd">
<html xmlns="http://www.w3.org/1999/xhtml" xml:lang="en" lang="en">
 <head>
  <title>
</title>
<meta http-equiv="Content-Type" content="text/html;charset=utf-8" />
  <meta name='ocr-system' content='tesseract 3.04.00' />
  <meta name='ocr-capabilities' content='ocr_page ocr_carea ocr_par ocr_line ocrx_word'/>
</head>
<body>
  <div class='ocr_page' id='page_1' title='image "./operaquaeextant00dbgoog_0418.png"; bbox 0 0 3172 5142; ppageno 0'>
   <div class='ocr_carea' id='block_1_1' title="bbox 159 480 1212 552">
    <p class='ocr_par' dir='ltr' id='par_1_1' title="bbox 159 480 1212 552">
     <span class='ocr_line' id='line_1_1' title="bbox 159 480 1212 552; baseline -0.003 -8"><span class='ocrx_word' id='word_1_1' title='bbox 159 480 275 552; x_wconf 75' lang='lat' dir='ltr'>(&#39;·⁶²⁵·l</span> <span class='ocrx_word' id='word_1_2' title='bbox 471 485 687 544; x_wconf 77' lang='lat' dir='ltr'><strong>THEBAIDOS</strong></span> <span class='ocrx_word' id='word_1_3' title='bbox 708 489 819 544; x_wconf 84' lang='lat' dir='ltr'>LIBER</span> <span class='ocrx_word' id='word_1_4' title='bbox 839 489 887 542; x_wconf 87' lang='lat' dir='ltr'>Vl.</span> <span class='ocrx_word' id='word_1_5' title='bbox 1174 494 1212 549; x_wconf 88' lang='lat'>77</span> 
     </span>
    </p>
   </div>
   <div class='ocr_carea' id='block_1_2' title="bbox 158 603 1206 947">
    <p class='ocr_par' dir='ltr' id='par_1_2' title="bbox 158 603 1206 947">
     <span class='ocr_line' id='line_1_2' title="bbox 158 603 1206 705; baseline 0 -28"><span class='ocrx_word' id='word_1_6' title='bbox 158 609 285 705; x_wconf 85' lang='lat' dir='ltr'><strong>Ungue</strong></span> <span class='ocrx_word' id='word_1_7' title='bbox 299 625 404 700; x_wconf 87' lang='lat' dir='ltr'>secat,</span> <span class='ocrx_word' id='word_1_8' title='bbox 420 603 642 704; x_wconf 79' lang='lat' dir='ltr'><strong>meritamque</strong></span> <span class='ocrx_word' id='word_1_9' title='bbox 658 635 806 696; x_wconf 80' lang='lat' dir='ltr'>comam3</span> <span class='ocrx_word' id='word_1_10' title='bbox 818 611 900 680; x_wconf 86' lang='lat' dir='ltr'>surit</span> <span class='ocrx_word' id='word_1_11' title='bbox 914 610 1065 703; x_wconf 89' lang='lat' dir='ltr'>undiquc</span> <span class='ocrx_word' id='word_1_12' title='bbox 1079 607 1206 677; x_wconf 89' lang='lat' dir='ltr'>elamor</span> 
     </span>
     <span class='ocr_line' id='line_1_3' title="bbox 159 721 1153 826; baseline -0.003 -25"><span class='ocrx_word' id='word_1_13' title='bbox 159 734 340 820; x_wconf 87' lang='lat' dir='ltr'>Dissonus,</span> <span class='ocrx_word' id='word_1_14' title='bbox 360 733 624 826; x_wconf 82' lang='lat' dir='ltr'>ambiguumque</span> <span class='ocrx_word' id='word_1_15' title='bbox 638 733 725 801; x_wconf 92' lang='lat' dir='ltr'>senis</span> <span class='ocrx_word' id='word_1_16' title='bbox 742 721 919 801; x_wconf 82' lang='lat' dir='ltr'>cunctatur</span> <span class='ocrx_word' id='word_1_17' title='bbox 937 730 1070 802; x_wconf 85' lang='lat' dir='ltr'><strong>Adrasti</strong></span> <span class='ocrx_word' id='word_1_18' title='bbox 1149 747 1153 756; x_wconf 94' lang='grc'><strong>’</strong></span> 
     </span>
     <span class='ocr_line' id='line_1_4' title="bbox 159 849 1142 947; baseline -0.004 -25"><span class='ocrx_word' id='word_1_19' title='bbox 159 853 347 922; x_wconf 86' lang='lat' dir='ltr'>Consilium</span> <span class='ocrx_word' id='word_1_20' title='bbox 365 879 372 921; x_wconf 77' lang='grc' dir='ltr'><strong>ε</strong></span> <span class='ocrx_word' id='word_1_21' title='bbox 389 850 524 922; x_wconf 80' lang='lat' dir='ltr'>tandem</span> <span class='ocrx_word' id='word_1_22' title='bbox 541 854 612 947; x_wconf 90' lang='lat' dir='ltr'>ipse</span> <span class='ocrx_word' id='word_1_23' title='bbox 629 852 732 921; x_wconf 82' lang='lat' dir='ltr'>refert</span> <span class='ocrx_word' id='word_1_24' title='bbox 751 879 759 921; x_wconf 90' lang='lat'><strong>:</strong></span> <span class='ocrx_word' id='word_1_25' title='bbox 777 852 1014 947; x_wconf 73' lang='lat' dir='ltr'>«Compescite</span> <span class='ocrx_word' id='word_1_26' title='bbox 1032 849 1142 936; x_wconf 88' lang='lat' dir='ltr'>litem,</span> 
     </span>
    </p>
   </div>
   <div class='ocr_carea' id='block_1_3' title="bbox 158 971 1272 4199">
    <p class='ocr_par' dir='ltr' id='par_1_3' title="bbox 158 971 1272 4199">
     <span class='ocr_line' id='line_1_5' title="bbox 160 971 942 1068; baseline -0.004 -25"><span class='ocrx_word' id='word_1_27' title='bbox 160 977 193 1043; x_wconf 93' lang='lat'>0</span> <span class='ocrx_word' id='word_1_28' title='bbox 210 971 322 1068; x_wconf 83' lang='lat' dir='ltr'>pueri!</span> <span class='ocrx_word' id='word_1_29' title='bbox 343 975 450 1042; x_wconf 87' lang='lat' dir='ltr'>virtus</span> <span class='ocrx_word' id='word_1_30' title='bbox 471 974 592 1042; x_wconf 90' lang='lat' dir='ltr'>iterum</span> <span class='ocrx_word' id='word_1_31' title='bbox 612 973 798 1042; x_wconf 88' lang='lat' dir='ltr'>tentanda:</span> <span class='ocrx_word' id='word_1_32' title='bbox 820 972 878 1042; x_wconf 89' lang='lat' dir='ltr'>sed</span> <span class='ocrx_word' id='word_1_33' title='bbox 898 973 942 1041; x_wconf 93' lang='lat' dir='ltr'>ite</span> 
     </span>
     <span class='ocr_line' id='line_1_6' title="bbox 158 1069 981 1180; baseline -0.001 -19"><span class='ocrx_word' id='word_1_34' title='bbox 158 1094 282 1162; x_wconf 86' lang='lat' dir='ltr'>Limite</span> <span class='ocrx_word' id='word_1_35' title='bbox 301 1094 458 1162; x_wconf 74' lang='lat' dir='ltr'>non&#39;uuo</span> <span class='ocrx_word' id='word_1_36' title='bbox 474 1091 584 1162; x_wconf 90' lang='lat' dir='ltr'>:latus</span> <span class='ocrx_word' id='word_1_37' title='bbox 604 1094 669 1162; x_wconf 91' lang='lat' dir='ltr'>hoe</span> <span class='ocrx_word' id='word_1_38' title='bbox 686 1069 981 1180; x_wconf 75' lang='lat' dir='ltr'>conceditur&#39;ldaa,</span> 
     </span>
     <span class='ocr_line' id='line_1_7' title="bbox 159 1213 1054 1296; baseline -0.006 -14"><span class='ocrx_word' id='word_1_39' title='bbox 159 1218 213 1283; x_wconf 87' lang='lat' dir='ltr'>Tu</span> <span class='ocrx_word' id='word_1_40' title='bbox 234 1214 364 1283; x_wconf 89' lang='lat' dir='ltr'>diversa</span> <span class='ocrx_word' id='word_1_41' title='bbox 378 1228 454 1282; x_wconf 91' lang='lat' dir='ltr'>tene</span> <span class='ocrx_word' id='word_1_42' title='bbox 471 1240 479 1282; x_wconf 90' lang='lat'>:</span> <span class='ocrx_word' id='word_1_43' title='bbox 496 1214 587 1296; x_wconf 82' lang='lat' dir='ltr'>fraus</span> <span class='ocrx_word' id='word_1_44' title='bbox 603 1215 757 1283; x_wconf 83' lang='lat' dir='ltr'>cursibus</span> <span class='ocrx_word' id='word_1_45' title='bbox 774 1215 882 1284; x_wconf 88' lang='lat' dir='ltr'>omnis</span> <span class='ocrx_word' id='word_1_46' title='bbox 901 1213 1054 1282; x_wconf 76' lang='lat' dir='ltr'>abesto.»</span> 
     </span>
     <span class='ocr_line' id='line_1_8' title="bbox 210 1329 1185 1427; baseline -0.005 -24"><span class='ocrx_word' id='word_1_47' title='bbox 210 1334 411 1420; x_wconf 80' lang='lat' dir='ltr'>Audierant,</span> <span class='ocrx_word' id='word_1_48' title='bbox 432 1332 588 1427; x_wconf 90' lang='lat' dir='ltr'>dictoque</span> <span class='ocrx_word' id='word_1_49' title='bbox 608 1347 746 1404; x_wconf 87' lang='lat' dir='ltr'>manent</span> <span class='ocrx_word' id='word_1_50' title='bbox 761 1359 771 1403; x_wconf 76' lang='lat' dir='ltr'>a</span> <span class='ocrx_word' id='word_1_51' title='bbox 789 1359 868 1404; x_wconf 86' lang='lat' dir='ltr'>mox</span> <span class='ocrx_word' id='word_1_52' title='bbox 885 1334 1024 1402; x_wconf 84' lang='lat' dir='ltr'>numina</span> <span class='ocrx_word' id='word_1_53' title='bbox 1045 1329 1185 1426; x_wconf 83' lang='lat' dir='ltr'>supplex</span> 
     </span>
     <span class='ocr_line' id='line_1_9' title="bbox 161 1429 1272 1548; baseline 0.001 -25"><span class='ocrx_word' id='word_1_54' title='bbox 161 1453 277 1524; x_wconf 81' lang='lat' dir='ltr'>Affatu</span> <span class='ocrx_word' id='word_1_55' title='bbox 294 1455 396 1522; x_wconf 91' lang='lat' dir='ltr'>tacito</span> <span class='ocrx_word' id='word_1_56' title='bbox 410 1455 542 1546; x_wconf 83' lang='lat' dir='ltr'>juvenis</span> <span class='ocrx_word' id='word_1_57' title='bbox 559 1457 715 1548; x_wconf 75' lang='lat' dir='ltr'>Tegeaeus</span> <span class='ocrx_word' id='word_1_58' title='bbox 733 1453 871 1524; x_wconf 85' lang='lat' dir='ltr'>adorat:</span> <span class='ocrx_word' id='word_1_59' title='bbox 1268 1429 1272 1442; x_wconf 21' lang='grc' dir='ltr'>Β</span> 
     </span>
     <span class='ocr_line' id='line_1_10' title="bbox 161 1574 1211 1670; baseline 0.002 -32"><span class='ocrx_word' id='word_1_60' title='bbox 161 1575 277 1645; x_wconf 71' lang='lat' dir='ltr'>«Diva</span> <span class='ocrx_word' id='word_1_61' title='bbox 293 1590 411 1670; x_wconf 87' lang='lat' dir='ltr'>potens</span> <span class='ocrx_word' id='word_1_62' title='bbox 421 1599 614 1662; x_wconf 89' lang='lat' dir='ltr'>nemorum,</span> <span class='ocrx_word' id='word_1_63' title='bbox 633 1575 693 1644; x_wconf 90' lang='lat' dir='ltr'>tibi</span> <span class='ocrx_word' id='word_1_64' title='bbox 705 1577 811 1662; x_wconf 89' lang='lat' dir='ltr'>enim,</span> <span class='ocrx_word' id='word_1_65' title='bbox 830 1576 885 1644; x_wconf 92' lang='lat' dir='ltr'>hic</span> <span class='ocrx_word' id='word_1_66' title='bbox 900 1575 960 1644; x_wconf 91' lang='lat' dir='ltr'>tibi</span> <span class='ocrx_word' id='word_1_67' title='bbox 977 1574 1211 1643; x_wconf 87' lang='lat' dir='ltr'>erinishonori</span> 
     </span>
     <span class='ocr_line' id='line_1_11' title="bbox 160 1695 1019 1789; baseline 0 -24"><span class='ocrx_word' id='word_1_68' title='bbox 160 1695 317 1783; x_wconf 85' lang='lat' dir='ltr'>Debitus,</span> <span class='ocrx_word' id='word_1_69' title='bbox 339 1719 424 1788; x_wconf 86' lang='lat' dir='ltr'>eque</span> <span class='ocrx_word' id='word_1_70' title='bbox 441 1709 500 1763; x_wconf 91' lang='lat' dir='ltr'>tuo</span> <span class='ocrx_word' id='word_1_71' title='bbox 517 1696 610 1763; x_wconf 88' lang='lat' dir='ltr'>venit</span> <span class='ocrx_word' id='word_1_72' title='bbox 626 1696 696 1764; x_wconf 83' lang='lat' dir='ltr'>haec</span> <span class='ocrx_word' id='word_1_73' title='bbox 713 1697 838 1789; x_wconf 88' lang='lat' dir='ltr'>injuria</span> <span class='ocrx_word' id='word_1_74' title='bbox 853 1711 950 1784; x_wconf 82' lang='lat' dir='ltr'>voto,</span> <span class='ocrx_word' id='word_1_75' title='bbox 1017 1719 1019 1724; x_wconf 82' lang='grc'><strong>’</strong></span> 
     </span>
     <span class='ocr_line' id='line_1_12' title="bbox 162 1815 1003 1911; baseline 0 -27"><span class='ocrx_word' id='word_1_76' title='bbox 162 1817 196 1884; x_wconf 89' lang='lat' dir='ltr'>Si</span> <span class='ocrx_word' id='word_1_77' title='bbox 213 1818 296 1884; x_wconf 92' lang='lat' dir='ltr'>bene</span> <span class='ocrx_word' id='word_1_78' title='bbox 313 1815 395 1911; x_wconf 89' lang='lat' dir='ltr'>quid</span> <span class='ocrx_word' id='word_1_79' title='bbox 416 1817 576 1910; x_wconf 80' lang='lat' dir='ltr'>genitrix,</span> <span class='ocrx_word' id='word_1_80' title='bbox 595 1817 622 1884; x_wconf 93' lang='lat' dir='ltr'>si</span> <span class='ocrx_word' id='word_1_81' title='bbox 639 1816 721 1910; x_wconf 90' lang='lat' dir='ltr'>quid</span> <span class='ocrx_word' id='word_1_82' title='bbox 741 1817 916 1886; x_wconf 90' lang='lat' dir='ltr'>venatibus</span> <span class='ocrx_word' id='word_1_83' title='bbox 933 1819 1003 1910; x_wconf 91' lang='lat' dir='ltr'>ipse</span> 
     </span>
     <span class='ocr_line' id='line_1_13' title="bbox 162 1936 1079 2029; baseline -0.002 -23"><span class='ocrx_word' id='word_1_84' title='bbox 162 1937 354 2025; x_wconf 90' lang='lat' dir='ltr'>Promerui‚</span> <span class='ocrx_word' id='word_1_85' title='bbox 375 1961 434 2024; x_wconf 93' lang='lat' dir='ltr'>ne,</span> <span class='ocrx_word' id='word_1_86' title='bbox 454 1960 582 2029; x_wconf 72' lang='lat' dir='ltr'>quaeso,</span> <span class='ocrx_word' id='word_1_87' title='bbox 603 1937 691 2005; x_wconf 89' lang='lat' dir='ltr'>sinas</span> <span class='ocrx_word' id='word_1_88' title='bbox 709 1936 774 2006; x_wconf 92' lang='lat' dir='ltr'>hoc</span> <span class='ocrx_word' id='word_1_89' title='bbox 789 1939 901 2012; x_wconf 91' lang='lat' dir='ltr'>omine</span> <span class='ocrx_word' id='word_1_90' title='bbox 915 1936 1046 2006; x_wconf 86' lang='lat' dir='ltr'>Thebas</span> <span class='ocrx_word' id='word_1_91' title='bbox 1074 1959 1079 1974; x_wconf 76' lang='grc'>’</span> 
     </span>
     <span class='ocr_line' id='line_1_14' title="bbox 162 2056 1028 2152; baseline -0.006 -27"><span class='ocrx_word' id='word_1_92' title='bbox 162 2061 235 2145; x_wconf 90' lang='lat' dir='ltr'>Ire,</span> <span class='ocrx_word' id='word_1_93' title='bbox 256 2082 318 2125; x_wconf 90' lang='lat' dir='ltr'>nec</span> <span class='ocrx_word' id='word_1_94' title='bbox 336 2056 486 2126; x_wconf 74' lang='lat' dir='ltr'>Arcadia</span> <span class='ocrx_word' id='word_1_95' title='bbox 504 2071 633 2125; x_wconf 86' lang='lat' dir='ltr'>tantum</span> <span class='ocrx_word' id='word_1_96' title='bbox 652 2059 810 2126; x_wconf 88' lang='lat' dir='ltr'>meruisse</span> <span class='ocrx_word' id='word_1_97' title='bbox 830 2056 1028 2152; x_wconf 76' lang='lat' dir='ltr'>pudorem.»</span> 
     </span>
     <span class='ocr_line' id='line_1_15' title="bbox 212 2177 1069 2274; baseline -0.005 -26"><span class='ocrx_word' id='word_1_98' title='bbox 212 2178 374 2272; x_wconf 84' lang='lat' dir='ltr'>Auditum</span> <span class='ocrx_word' id='word_1_99' title='bbox 394 2178 567 2246; x_wconf 86' lang='lat' dir='ltr'>manifesta</span> <span class='ocrx_word' id='word_1_100' title='bbox 584 2177 664 2274; x_wconf 84' lang='lat' dir='ltr'>fides</span> <span class='ocrx_word' id='word_1_101' title='bbox 681 2205 689 2246; x_wconf 92' lang='lat'><strong>:</strong></span> <span class='ocrx_word' id='word_1_102' title='bbox 709 2180 764 2247; x_wconf 80' lang='lat' dir='ltr'>vix</span> <span class='ocrx_word' id='word_1_103' title='bbox 784 2203 921 2272; x_wconf 88' lang='lat' dir='ltr'>campus</span> <span class='ocrx_word' id='word_1_104' title='bbox 935 2190 1069 2247; x_wconf 90' lang='lat' dir='ltr'>euntem</span> 
     </span>
     <span class='ocr_line' id='line_1_16' title="bbox 164 2296 885 2392; baseline -0.003 -22"><span class='ocrx_word' id='word_1_105' title='bbox 164 2301 289 2386; x_wconf 84' lang='lat' dir='ltr'>Sentit,</span> <span class='ocrx_word' id='word_1_106' title='bbox 312 2314 346 2367; x_wconf 90' lang='lat' dir='ltr'>et</span> <span class='ocrx_word' id='word_1_107' title='bbox 364 2296 459 2368; x_wconf 81' lang='lat' dir='ltr'>exilis</span> <span class='ocrx_word' id='word_1_108' title='bbox 478 2297 601 2392; x_wconf 89' lang='lat' dir='ltr'>plantis</span> <span class='ocrx_word' id='word_1_109' title='bbox 620 2299 798 2368; x_wconf 89' lang='lat' dir='ltr'>intervenit</span> <span class='ocrx_word' id='word_1_110' title='bbox 817 2323 885 2387; x_wconf 90' lang='lat' dir='ltr'>aer,</span> 
     </span>
     <span class='ocr_line' id='line_1_17' title="bbox 164 2418 1032 2515; baseline -0.002 -25"><span class='ocrx_word' id='word_1_111' title='bbox 164 2425 321 2513; x_wconf 87' lang='lat' dir='ltr'>Raraque</span> <span class='ocrx_word' id='word_1_112' title='bbox 339 2443 408 2488; x_wconf 91' lang='lat' dir='ltr'>non</span> <span class='ocrx_word' id='word_1_113' title='bbox 422 2418 532 2487; x_wconf 68' lang='lat' dir='ltr'>‘fracto</span> <span class='ocrx_word' id='word_1_114' title='bbox 551 2420 690 2514; x_wconf 86' lang='lat' dir='ltr'>vestigia</span> <span class='ocrx_word' id='word_1_115' title='bbox 710 2419 846 2515; x_wconf 87' lang='lat' dir='ltr'>pulvere</span> <span class='ocrx_word' id='word_1_116' title='bbox 864 2420 1032 2515; x_wconf 88' lang='lat' dir='ltr'>pendent:</span> 
     </span>
     <span class='ocr_line' id='line_1_18' title="bbox 212 2536 953 2635; baseline 0.003 -27"><span class='ocrx_word' id='word_1_117' title='bbox 212 2541 340 2635; x_wconf 89' lang='lat' dir='ltr'>Irrupit</span> <span class='ocrx_word' id='word_1_118' title='bbox 358 2536 503 2608; x_wconf 89' lang='lat' dir='ltr'>clamore</span> <span class='ocrx_word' id='word_1_119' title='bbox 521 2537 626 2624; x_wconf 85' lang='lat' dir='ltr'>sores,</span> <span class='ocrx_word' id='word_1_120' title='bbox 647 2538 793 2609; x_wconf 90' lang='lat' dir='ltr'>clamore</span> <span class='ocrx_word' id='word_1_121' title='bbox 810 2541 953 2610; x_wconf 90' lang='lat' dir='ltr'>recurrit</span> 
     </span>
     <span class='ocr_line' id='line_1_19' title="bbox 165 2659 1027 2757; baseline -0.001 -26"><span class='ocrx_word' id='word_1_122' title='bbox 165 2667 251 2732; x_wconf 81' lang='lat' dir='ltr'>Ante</span> <span class='ocrx_word' id='word_1_123' title='bbox 270 2660 407 2754; x_wconf 88' lang='lat' dir='ltr'>ducem,</span> <span class='ocrx_word' id='word_1_124' title='bbox 428 2681 616 2753; x_wconf 87' lang='lat' dir='ltr'>prensaque</span> <span class='ocrx_word' id='word_1_125' title='bbox 637 2659 723 2729; x_wconf 88' lang='lat' dir='ltr'>levat</span> <span class='ocrx_word' id='word_1_126' title='bbox 745 2663 887 2757; x_wconf 90' lang='lat' dir='ltr'>suspiria</span> <span class='ocrx_word' id='word_1_127' title='bbox 906 2661 1027 2756; x_wconf 92' lang='lat' dir='ltr'>palma.</span> 
     </span>
     <span class='ocr_line' id='line_1_20' title="bbox 209 2781 1037 2878; baseline 0.002 -29"><span class='ocrx_word' id='word_1_128' title='bbox 209 2781 314 2850; x_wconf 86' lang='lat' dir='ltr'>¹Finiti</span> <span class='ocrx_word' id='word_1_129' title='bbox 333 2805 467 2866; x_wconf 89' lang='lat' dir='ltr'>cursus,</span> <span class='ocrx_word' id='word_1_130' title='bbox 488 2789 696 2874; x_wconf 89' lang='lat' dir='ltr'>operumque</span> <span class='ocrx_word' id='word_1_131' title='bbox 713 2783 857 2876; x_wconf 87' lang='lat' dir='ltr'>insignia</span> <span class='ocrx_word' id='word_1_132' title='bbox 877 2797 1009 2878; x_wconf 84' lang='lat' dir='ltr'>praesto.</span> <span class='ocrx_word' id='word_1_133' title='bbox 1033 2791 1037 2794; x_wconf 82' lang='grc'><strong>’</strong></span> 
     </span>
     <span class='ocr_line' id='line_1_21' title="bbox 165 2898 1112 2996; baseline -0.003 -24"><span class='ocrx_word' id='word_1_134' title='bbox 165 2907 269 2972; x_wconf 82' lang='lat' dir='ltr'>Arcas</span> <span class='ocrx_word' id='word_1_135' title='bbox 287 2925 411 2993; x_wconf 92' lang='lat' dir='ltr'>equum</span> <span class='ocrx_word' id='word_1_136' title='bbox 423 2898 538 2984; x_wconf 88' lang='lat' dir='ltr'>dono,</span> <span class='ocrx_word' id='word_1_137' title='bbox 556 2899 709 2995; x_wconf 88' lang='lat' dir='ltr'>clypeum</span> <span class='ocrx_word' id='word_1_138' title='bbox 727 2904 813 2996; x_wconf 88' lang='lat' dir='ltr'>gerit</span> <span class='ocrx_word' id='word_1_139' title='bbox 829 2902 1002 2996; x_wconf 88' lang='lat' dir='ltr'>improbus</span> <span class='ocrx_word' id='word_1_140' title='bbox 1020 2902 1112 2988; x_wconf 86' lang='lat' dir='ltr'>Idas,</span> 
     </span>
     <span class='ocr_line' id='line_1_22' title="bbox 166 3013 1043 3116; baseline 0 -25"><span class='ocrx_word' id='word_1_141' title='bbox 166 3027 287 3092; x_wconf 87' lang='lat' dir='ltr'>Cetera</span> <span class='ocrx_word' id='word_1_142' title='bbox 306 3018 398 3115; x_wconf 90' lang='lat' dir='ltr'>plebs</span> <span class='ocrx_word' id='word_1_143' title='bbox 417 3020 528 3113; x_wconf 91' lang='lat' dir='ltr'>Lyciis</span> <span class='ocrx_word' id='word_1_144' title='bbox 548 3020 671 3115; x_wconf 90' lang='lat' dir='ltr'>gaudet</span> <span class='ocrx_word' id='word_1_145' title='bbox 691 3035 849 3090; x_wconf 91' lang='lat' dir='ltr'>contenta</span> <span class='ocrx_word' id='word_1_146' title='bbox 867 3013 1043 3116; x_wconf 84' lang='lat' dir='ltr'>pharetris.</span> 
     </span>
     <span class='ocr_line' id='line_1_23' title="bbox 215 3140 1027 3234; baseline -0.001 -24"><span class='ocrx_word' id='word_1_147' title='bbox 215 3145 310 3211; x_wconf 87' lang='lat' dir='ltr'>Tunc</span> <span class='ocrx_word' id='word_1_148' title='bbox 331 3154 445 3227; x_wconf 87' lang='lat' dir='ltr'>vocat,</span> <span class='ocrx_word' id='word_1_149' title='bbox 465 3141 584 3208; x_wconf 89' lang='lat' dir='ltr'>emisso</span> <span class='ocrx_word' id='word_1_150' title='bbox 602 3142 628 3208; x_wconf 90' lang='lat' dir='ltr'>si</span> <span class='ocrx_word' id='word_1_151' title='bbox 648 3143 723 3234; x_wconf 92' lang='lat' dir='ltr'>quis</span> <span class='ocrx_word' id='word_1_152' title='bbox 740 3140 918 3210; x_wconf 88' lang='lat' dir='ltr'>decernere</span> <span class='ocrx_word' id='word_1_153' title='bbox 936 3141 1027 3210; x_wconf 90' lang='lat' dir='ltr'>disco</span> 
     </span>
     <span class='ocr_line' id='line_1_24' title="bbox 167 3259 957 3357; baseline -0.001 -26"><span class='ocrx_word' id='word_1_154' title='bbox 167 3263 327 3357; x_wconf 82' lang='lat' dir='ltr'>impiger,</span> <span class='ocrx_word' id='word_1_155' title='bbox 348 3275 382 3330; x_wconf 91' lang='lat' dir='ltr'>et</span> <span class='ocrx_word' id='word_1_156' title='bbox 402 3262 487 3330; x_wconf 88' lang='lat' dir='ltr'>vires</span> <span class='ocrx_word' id='word_1_157' title='bbox 503 3259 583 3330; x_wconf 89' lang='lat' dir='ltr'>velit</span> <span class='ocrx_word' id='word_1_158' title='bbox 602 3277 770 3332; x_wconf 74' lang='lat' dir='ltr'>ostentare</span> <span class='ocrx_word' id='word_1_159' title='bbox 787 3263 957 3357; x_wconf 88' lang='lat' dir='ltr'>superbas.</span> 
     </span>
     <span class='ocr_line' id='line_1_25' title="bbox 167 3379 970 3476; baseline -0.002 -24"><span class='ocrx_word' id='word_1_160' title='bbox 167 3387 198 3452; x_wconf 90' lang='lat' dir='ltr'>It</span> <span class='ocrx_word' id='word_1_161' title='bbox 214 3385 325 3476; x_wconf 87' lang='lat' dir='ltr'>jussus</span> <span class='ocrx_word' id='word_1_162' title='bbox 342 3379 505 3464; x_wconf 84' lang='lat' dir='ltr'>Pterelas,</span> <span class='ocrx_word' id='word_1_163' title='bbox 523 3397 557 3452; x_wconf 90' lang='lat' dir='ltr'>et</span> <span class='ocrx_word' id='word_1_164' title='bbox 579 3384 693 3453; x_wconf 82' lang='lat' dir='ltr'>uhenae</span> <span class='ocrx_word' id='word_1_165' title='bbox 711 3382 840 3452; x_wconf 90' lang='lat' dir='ltr'>lubrica</span> <span class='ocrx_word' id='word_1_166' title='bbox 855 3407 970 3451; x_wconf 78' lang='lat' dir='ltr'>massae</span> 
     </span>
     <span class='ocr_line' id='line_1_26' title="bbox 168 3502 926 3599; baseline -0.001 -26"><span class='ocrx_word' id='word_1_167' title='bbox 168 3502 320 3573; x_wconf 90' lang='lat' dir='ltr'>Pondera</span> <span class='ocrx_word' id='word_1_168' title='bbox 341 3503 394 3570; x_wconf 84' lang='lat' dir='ltr'>vix</span> <span class='ocrx_word' id='word_1_169' title='bbox 410 3517 482 3572; x_wconf 91' lang='lat' dir='ltr'>toto</span> <span class='ocrx_word' id='word_1_170' title='bbox 500 3518 659 3573; x_wconf 87' lang='lat' dir='ltr'>curvatus</span> <span class='ocrx_word' id='word_1_171' title='bbox 676 3529 816 3599; x_wconf 92' lang='lat' dir='ltr'>corpore</span> <span class='ocrx_word' id='word_1_172' title='bbox 830 3505 926 3598; x_wconf 83' lang='lat' dir='ltr'>juxta</span> 
     </span>
     <span class='ocr_line' id='line_1_27' title="bbox 169 3622 1095 3718; baseline -0.003 -24"><span class='ocrx_word' id='word_1_173' title='bbox 169 3624 292 3718; x_wconf 88' lang='lat' dir='ltr'>Dejicit</span> <span class='ocrx_word' id='word_1_174' title='bbox 307 3649 315 3691; x_wconf 75' lang='grc' dir='ltr'><strong><em>ε</em></strong></span> <span class='ocrx_word' id='word_1_175' title='bbox 333 3623 520 3716; x_wconf 84' lang='lat' dir='ltr'>inspectant</span> <span class='ocrx_word' id='word_1_176' title='bbox 540 3625 650 3712; x_wconf 84' lang='lat' dir='ltr'>taciti,</span> <span class='ocrx_word' id='word_1_177' title='bbox 669 3624 927 3718; x_wconf 83' lang='lat' dir='ltr'>expenduntque</span> <span class='ocrx_word' id='word_1_178' title='bbox 947 3622 1095 3692; x_wconf 90' lang='lat' dir='ltr'>laborem</span> 
     </span>
     <span class='ocr_line' id='line_1_28' title="bbox 168 3742 1166 3839; baseline 0 -27"><span class='ocrx_word' id='word_1_179' title='bbox 168 3742 335 3813; x_wconf 76' lang='lat' dir='ltr'>Inachidae</span> <span class='ocrx_word' id='word_1_180' title='bbox 352 3769 360 3810; x_wconf 78' lang='grc' dir='ltr'><strong><em>ε</em></strong></span> <span class='ocrx_word' id='word_1_181' title='bbox 379 3768 458 3811; x_wconf 80' lang='lat' dir='ltr'>mox</span> <span class='ocrx_word' id='word_1_182' title='bbox 474 3745 574 3813; x_wconf 85' lang='lat' dir='ltr'>turba</span> <span class='ocrx_word' id='word_1_183' title='bbox 594 3757 722 3814; x_wconf 89' lang='lat' dir='ltr'>ruunt:</span> <span class='ocrx_word' id='word_1_184' title='bbox 740 3745 807 3814; x_wconf 92' lang='lat' dir='ltr'>duo</span> <span class='ocrx_word' id='word_1_185' title='bbox 826 3745 933 3839; x_wconf 85' lang='lat' dir='ltr'>gentis</span> <span class='ocrx_word' id='word_1_186' title='bbox 947 3743 1093 3832; x_wconf 80' lang='lat' dir='ltr'>Achaeae,</span> <span class='ocrx_word' id='word_1_187' title='bbox 1163 3755 1166 3762; x_wconf 81' lang='grc'><em>’</em></span> 
     </span>
     <span class='ocr_line' id='line_1_29' title="bbox 168 3863 1004 3958; baseline -0.001 -25"><span class='ocrx_word' id='word_1_188' title='bbox 168 3868 250 3933; x_wconf 91' lang='lat' dir='ltr'>Tres</span> <span class='ocrx_word' id='word_1_189' title='bbox 267 3863 502 3958; x_wconf 84' lang='lat' dir='ltr'>Ephyreiad&#39;ae,</span> <span class='ocrx_word' id='word_1_190' title='bbox 522 3866 597 3933; x_wconf 92' lang='lat' dir='ltr'>Pisa</span> <span class='ocrx_word' id='word_1_191' title='bbox 616 3880 706 3934; x_wconf 90' lang='lat' dir='ltr'>satus</span> <span class='ocrx_word' id='word_1_192' title='bbox 724 3889 826 3950; x_wconf 90' lang='lat' dir='ltr'>unus,</span> <span class='ocrx_word' id='word_1_193' title='bbox 849 3868 1004 3933; x_wconf 82' lang='lat' dir='ltr'>Acarnan</span> 
     </span>
     <span class='ocr_line' id='line_1_30' title="bbox 170 3983 954 4081; baseline 0 -27"><span class='ocrx_word' id='word_1_194' title='bbox 170 3985 358 4079; x_wconf 88' lang='lat' dir='ltr'>Septimus:</span> <span class='ocrx_word' id='word_1_195' title='bbox 378 3999 413 4052; x_wconf 93' lang='lat' dir='ltr'>et</span> <span class='ocrx_word' id='word_1_196' title='bbox 430 3983 541 4078; x_wconf 83' lang='lat' dir='ltr'>plures</span> <span class='ocrx_word' id='word_1_197' title='bbox 559 3985 705 4080; x_wconf 90' lang='lat' dir='ltr'>agitabat</span> <span class='ocrx_word' id='word_1_198' title='bbox 722 3984 844 4081; x_wconf 83' lang='lat' dir='ltr'>gloria,</span> <span class='ocrx_word' id='word_1_199' title='bbox 865 3986 901 4053; x_wconf 92' lang='lat' dir='ltr'>ni</span> <span class='ocrx_word' id='word_1_200' title='bbox 920 4011 954 4054; x_wconf 91' lang='lat' dir='ltr'>se</span> 
     </span>
     <span class='ocr_line' id='line_1_31' title="bbox 170 4104 1034 4199; baseline -0.005 -23"><span class='ocrx_word' id='word_1_201' title='bbox 170 4105 302 4176; x_wconf 84' lang='lat' dir='ltr'>Arduus</span> <span class='ocrx_word' id='word_1_202' title='bbox 319 4104 555 4199; x_wconf 88' lang='lat' dir='ltr'>Hippomedon</span> <span class='ocrx_word' id='word_1_203' title='bbox 575 4130 675 4174; x_wconf 89' lang='lat' dir='ltr'>cavea</span> <span class='ocrx_word' id='word_1_204' title='bbox 696 4104 887 4174; x_wconf 85' lang='lat' dir='ltr'>stimulante</span> <span class='ocrx_word' id='word_1_205' title='bbox 906 4104 1034 4174; x_wconf 89' lang='lat' dir='ltr'>tulisset</span> 
     </span>
    </p>
   </div>
   <div class='ocr_carea' id='block_1_4' title="bbox 0 0 1608 5142">
    <p class='ocr_par' dir='ltr' id='par_1_4' title="bbox 0 0 1608 5142">
     <span class='ocr_line' id='line_1_32' title="bbox 0 0 1608 5142; baseline 0 0"><span class='ocrx_word' id='word_1_206' title='bbox 0 0 1608 5142; x_wconf 95' lang='lat' dir='ltr'> </span> 
     </span>
    </p>
   </div>
  </div>
 </body>
</html>
