3080 5136
398 493 453 562 324
774 487 1071 547 ADNOTATIONES

442 606 567 664 Tritonia
582 607 665 662 vellit
678 609 715 680 (v.
731 603 807 679 704).
824 624 841 659 2
857 603 942 660 codd.
959 603 1077 676 :pelb't,
1095 601 1237 676 probante
1250 601 1353 656 Barth.

437 715 486 769 Ad
491 712 601 786 proelia
609 713 711 766 Martis
725 707 762 786 (v.
775 707 853 788 733).
867 713 1020 783 Perperam
1031 708 1183 782 praesertin
1190 707 1277 765 lectio
1291 719 1363 764 vett.
1378 709 1450 776 edd,

397 817 425 862 et
440 806 554 881 aliquot
566 804 652 860 codd.
667 823 674 858 ε
690 827 705 854 α
720 802 758 859 ud
766 804 895 878 proemia
910 801 1022 858 Martis.
1038 825 1052 852 n

771 1033 812 1086 IN
834 1029 986 1086 LIBRUM
1010 1029 1063 1085 lx.

381 1337 387 1350 1
435 1258 521 1312 Retro
536 1256 651 1311 torsisse
666 1252 706 1332 (v.
725 1253 764 1330 7).
783 1255 853 1328 neg.
872 1273 884 1309 1
902 1275 909 1310 :
925 1279 936 1303 α
953 1255 1015 1309 alia
1029 1265 1099 1310 tore.
1110 1279 1124 1304 u
1138 1255 1239 1309 Voluit
1252 1256 1324 1308 abb.

433 1362 647 1416 &satiavimus
662 1357 701 1436 (v.
724 1357 781 1438 14).
795 1360 881 1416 Multi
895 1359 981 1416 codd.
997 1378 1004 1414 ε
1019 1363 1260 1432 enarmonium,
1273 1361 1373 1434 pejus.

435 1455 577 1542 claraque
589 1465 628 1546 (v.
646 1463 705 1544 ιι).
718 1469 774 1523 ΜΒ
789 1486 796 1520 :
814 1467 949 1540 clarique.
964 1469 1028 1522 Put.
1043 1467 1131 1522 laude
1143 1485 1198 1541 pro
1214 1469 1286 1522 luce.
1299 1468 1450 1522 -Pautto

393 1570 460 1633 post
479 1561 562 1616 multi
579 1560 666 1616 codd.
681 1580 688 1616 :
705 1585 718 1612 «
728 1560 824 1635 sugam
837 1559 1012 1614 mirantur.»

434 1655 566 1709 Membra
575 1655 664 1709 simul
675 1650 714 1732 (v.
723 1653 782 1730 41).
795 1671 834 1708 «2
848 1652 981 1708 meliores
995 1652 1061 1708 libri
1074 1652 1167 1708 nostri
1175 1655 1218 1708 Μ.
1227 1656 1304 1710 solo.
1317 1677 1330 1702 ι
1340 1655 1450 1709 uisu.

433 1759 581 1814 Asstsmns
590 1760 662 1814 socii
674 1759 712 1836 (v.
728 1755 788 1835 45).
803 1759 858 1814 ΜΒ
872 1769 901 1813 et
914 1761 950 1814 al.
966 1777 1033 1813 cum
1048 1777 1065 1813 n
1082 1759 1172 1834 Regg.
1188 1760 1368 1814 :absistunt

436 1865 566 1937 dependi
585 1860 624 1940 (v.
640 1861 700 1940 50).
719 1861 859 1919 Nonnulli
881 1861 968 1918 codd.
986 1863 1142 1938 :repererim
1161 1861 1339 1936 pnesercnte
1354 1865 1450 1917 Barth

438 1971 571 2041 Quanam
584 1969 638 2024 hoc
651 1987 705 2044 ego
718 1980 809 2024 morte
821 1968 913 2042 piabo
922 1965 962 2045 (v.
978 1966 1047 2046 60)?
1061 1995 1073 2019 ιι
1085 1967 1235 2041 ineptiunt
1249 1967 1322 2023 libri
1337 1969 1370 2022 in
1383 1971 1450 2042 qui-

393 2063 449 2118 bus
468 2073 509 2118 est
531 2063 586 2118 hoc
606 2081 666 2137 ego.
680 2060 775 2138 [Legit
792 2071 869 2117 recte
884 2061 983 2116 «hunc
1005 2080 1075 2136 ego,
1092 2084 1104 2110 n
1123 2060 1206 2134 quod
1226 2071 1270 2116 est
1288 2061 1322 2114 in
1336 2061 1451 2138 multis}

393 2157 467 2213 Nam
480 2153 574 2210 videri
587 2155 649 2209 vult
663 2172 725 2209 sese
737 2154 911 2210 interemisse
926 2153 1058 2230 Tydeum
1073 2166 1101 2209 et
1116 2173 1145 2210 se
1158 2172 1215 2227 pro
1226 2153 1291 2225 ejus
1305 2154 1452 2210 homicida

395 2247 478 2324 gerit.
495 2249 529 2302 In
546 2256 607 2320 opt.
627 2246 728 2302 eadem
742 2246 883 2302 sententia
901 2247 976 2302 clare
989 2246 1093 2322 legitur
1111 2267 1118 2300 :
1137 2249 1217 2302 veltet
1234 2265 1256 2299 a
1270 2263 1320 2300 me
1333 2247 1449 2318 ἰηιήι-

395 2351 479 2394 ctum.
490 2362 505 2389 n
519 2340 631 2394 Binrn.

440 2433 543 2504 Qualis
559 2442 590 2486 et
602 2449 666 2486 ecce
673 2429 759 2500 jaces
774 2429 811 2506 (v.
827 2429 897 2508 69)?
911 2433 987 2507 Lege
1007 2451 1044 2488 ex
1059 2433 1113 2487 ΜΒ
1131 2449 1138 2484 :
1153 2453 1168 2480 α
1179 2429 1284 2499 Qualis
1301 2443 1337 2485 at
1350 2449 1374 2485 e
1393 2457 1405 2479 ι

436 2537 554 2610 letique
567 2537 701 2590 animosa
713 2539 848 2592 voluntas
862 2535 900 2614 (v.
917 2537 975 2615 80).
987 2561 1002 2588 α
1012 2539 1112 2612 Longe
1127 2535 1285 2610 elegantius
1301 2537 1386 2611 qnod
1396 2556 1448 2610 op-

396 2632 470 2687 tirnae
491 2630 609 2704 aliaeque
625 2630 797 2686 membranae
811 2631 935 2701 habent,
949 2635 1093 2705 voluptas.
1111 2653 1124 2678 υ
1139 2631 1253 2685 unm.

436 2725 523 2781 Elicit
536 2725 651 2778 hastam
664 2721 702 2800 (v.
717 2721 777 2800 95).
787 2725 842 2779 ΜΒ
852 2744 859 2778 :
869 2723 953 2794 ejicit,
968 2721 1161 2798 probantibus
1167 2723 1299 2778 Rerum.
1317 2733 1347 2778 et
1356 2725 1446 2778 Barth.

437 2829 481 2884 Ne
496 2847 552 2885 non
565 2848 643 2884 snoer.
657 2827 695 2905 (v.
710 2827 770 2906 99).
786 2829 917 2886 Bartbius
934 2828 1088 2908 evestigiis
1103 2831 1158 2884 ΜΒ
1173 2840 1203 2883 ct
1216 2829 1343 2884 aliorum
1359 2831 1445 2885 eruit:

397 2944 409 2972 s
429 2922 500 2976 Vere
515 2922 571 2996 (vel
585 2917 663 2998 vem)
677 2939 758 2977 moer.
770 2945 782 2969 u
797 2923 898 2976 Glossa
913 2943 919 2976 :
936 2946 951 2973 α
961 2921 990 2976 in
1004 2921 1124 2977 veritate
1133 2921 1372 2996 lacrymandme

442 3015 577 3070 Obsessos
591 3016 697 3069 cunctis
707 3014 821 3089 profire
835 3014 875 3093 (v.
889 3011 966 3092 ιη).
982 3015 1168 3070 Heinsiusad
1181 3015 1231 3069 Sit.
1244 3017 1282 3068 lr.
1290 3055 1299 3081 ‚
1312 3035 1355 3084 rr,
1375 3024 1424 3081 ¹44
1440 3039 1446 3070 :

398 3109 520 3162 «cuneis
535 3126 603 3180 pr.»
1439 3102 1442 3110 “

439 3199 548 3272 Corpus
572 3211 653 3253 amat
676 3196 686 3275 (
695 3217 721 3254 x.
746 3207 799 3267 ιιι,
810 3196 830 3276 )
858 3199 958 3255 inicit
984 3199 1106 3255 cadaver
1129 3198 1222 3272 Tydei
1249 3218 1363 3254 summa
1384 3219 1448 3255 mn

399 3291 574 3349 custoditum
597 3292 633 3346 ab
659 3292 902 3365 Hippomedonte.
921 3317 936 3344 a
960 3295 1060 3349 Gnoss.
1084 3291 1211 3362 Quidam
1231 3293 1320 3348 codd
1347 3315 1354 3347 :
1379 3297 1447 3348 adis.

397 3383 508 3440 Deinde
529 3382 702 3457 adprensum
713 3382 802 3456 soeda
816 3373 918 3440 Lacts:
935 3386 988 3440 «iu
1002 3386 1097 3460 primo
1111 3384 1186 3440 enirn
1200 3395 1288 3458 partu
1300 3387 1398 3458 major
1410 3399 1448 3440 cst

398 3477 511 3533 affectio
532 3476 625 3532 soetus.
636 3500 651 3527 u

439 3569 533 3624 Turba
542 3568 617 3623 subit
625 3568 663 3644 (v.
682 3566 757 3645 123).
775 3570 845 3641 MR,
859 3571 894 3625 al.
914 3589 921 3624 :
943 3573 1062 3639 Tus-ma,
1076 3573 1159 3646 quod
1172 3591 1274 3628 verum
1283 3572 1411 3628 videtur.

436 3663 576 3716 Retexens
590 3658 629 3738 (v.
647 3659 722 3738 148).
739 3661 826 3717 Multi
844 3663 930 3719 codd.
947 3684 954 3719 :
970 3683 1132 3734 recensens,
1143 3665 1226 3739 quod
1242 3665 1448 3722 immeritode·

275 3755 278 3765 ¹
398 3754 487 3809 fendis
502 3757 592 3810 Gron.
602 3785 642 3796 -·
654 3756 722 3828 Seq.
738 3775 765 3810 v.
780 3757 836 3810 ΜΒ
857 3774 865 3810 t
879 3757 982 3812 «subit
996 3758 1084 3812 ncta
1101 3776 1235 3832 campos,
1252 3783 1265 3806 υ
1280 3757 1352 3814 fore
1368 3777 1449 3828 vene,

398 3846 482 3903 etiam
498 3847 537 3903 ob
551 3846 751 3921 repetitionem
768 3865 853 3902 versu
870 3845 924 3902 152
945 3869 951 3902 :
968 3851 1071 3924 impius
1088 3850 1223 3925 ignis.1n
1242 3867 1306 3925 quo
1319 3871 1350 3905 v.
1375 3851 1448 3906 idem

403 3941 506 4012 Hylam
519 3958 575 4013 pro
593 3941 697 4012 Halyn.

439 4035 471 4088 Is
486 4033 566 4088 nobis
579 4028 715 4108 metus(v.
736 4030 811 4108 159).
827 4035 881 4089 ΜΒ
895 4056 903 4091 t
920 4037 1008 4092 vobis.
1020 4037 1056 4092 Et
1071 4055 1097 4091 v.
1116 4035 1169 4104 167
1191 4056 1197 4090 :
1224 4054 1265 4090 an
1284 4037 1383 4105 oibbr,
1399 4057 1452 4112 pro

405 4138 432 4182 et
447 4128 536 4182 vilior.
