3172 5142
126 509 244 572 teus.)
407 471 639 568 'rusnmnos
662 511 771 568 nmen
795 511 876 567 vm.
1121 527 1177 583 ηρ

126 641 230 703 Arma
246 634 354 721 ciens,
376 635 553 730 aboletque
571 636 706 724 domos,
724 636 910 724 connubia,
931 652 1037 708 natos.

125 754 266 824 Pellitur
283 771 316 826 et
334 758 468 850 patrioe,
486 772 519 826 et
536 758 595 850 qui
612 771 724 826 mente
739 755 939 826 novissimus
956 758 1041 843 erit,

127 877 228 946 Lucis
245 900 340 946 amor
356 903 364 945 :
380 892 470 946 tenet
483 879 517 946 in
532 877 679 974 capulis,
695 877 863 972 hastisque
879 891 1010 972 paratas

125 1000 183 1065 Ira
197 1021 333 1083 manus,
349 999 547 1092 animusque
562 995 650 1067 ultra
665 999 818 1068 thoracas
833 995 972 1068 anhelus

125 1119 293 1205 Conatur3
313 1116 479 1213 galeaeque
496 1132 646 1188 tremunt
661 1118 802 1190 horrore
818 1143 1002 1188 comarum.

175 1238 269 1326 Quid
282 1239 405 1308 mirum
420 1238 559 1308 caluisse
576 1239 685 1308 viros?
698 1237 915 1309 flammantur
927 1241 962 1308 in
977 1240 1107 1310 hostem

124 1359 350 1455 Comipedes,
366 1347 531 1454 niveoque
544 1361 657 1455 rigent
670 1359 740 1430 sola
756 1362 868 1456 putria
876 1362 1014 1448 nimbo,

123 1483 277 1575 Corpora
294 1505 355 1550 ceu
371 1482 466 1550 mixti
483 1478 646 1568 dominis,
664 1481 796 1574 irasque
812 1480 986 1550 sedentum

123 1599 301 1669 Induerint
318 1627 326 1668 ε
346 1602 392 1671 sic
409 1601 502 1670 frena
521 1591 649 1686 teruut',
669 1602 716 1670 sic
733 1597 851 1696 proelia
870 1616 1014 1696 poscunt

122 1721 289 1806 Hinnitu,
310 1719 499 1816 tolluntque
518 1745 647 1809 armos,
669 1723 883 1816 equitemque
904 1723 1074 1817 supinant.

172 1843 312 1934 Jamque
333 1856 455 1927 ruunt,
477 1842 671 1936 primusque
688 1841 798 1910 virum
819 1865 1017 1910 concurrere
1033 1840 1163 1936 pulvis·

120 1961 265 2053 Incipit,
282 1976 316 2029 et
332 1961 446 2055 spatiis
463 1962 631 2054 utrimque
646 1958 828 2053 equalibus
845 1961 910 2048 acti

121 2081 332 2161 Adventum,
348 2081 560 2174 mediumque
575 2080 690 2150 vident
707 2080 896 2150 decrescere
913 2105 1080 2176 campum.

119 2205 139 2271 J
142 2227 195 2272 am
210 2199 344 2297 clypeus
358 2201 497 2297 clypeis,
510 2201 656 2270 umbone
671 2199 845 2296 repellitur
857 2201 976 2289 umbo,

120 2325 211 2391 Ense
224 2323 338 2390 minax
351 2322 456 2409 ensis,
472 2321 555 2416 pede
569 2344 647 2416 pes,
663 2335 697 2389 et
706 2319 851 2414 cuspide
860 2321 986 2414 cuspis.

120 2443 178 2512 Sic
192 2442 315 2512 obnixa
331 2443 417 2511 acies
432 2441 556 2537 pariter
570 2441 713 2536 suspiria
727 2439 879 2527 firmant,

119 2563 340 2658 Admotnque
354 2564 469 2631 nitent
478 2559 587 2630 aliena
602 2561 636 2628 in
652 2558 778 2630 casside
792 2561 907 2629 criste.

119 2681 264 2752 Pulcher
277 2683 386 2752 adhuc
402 2679 480 2751 belli
495 2679 607 2750 vultus
622 2707 631 2748 :
647 2674 737 2749 stant
750 2681 875 2750 verti-ce
889 2681 983 2767 coni,

119 2801 224 2872 Plena
240 2817 390 2872 armenta
404 2803 505 2886 viris,
521 2796 604 2870 nulli
619 2801 691 2868 sine
705 2797 845 2893 preside
858 2823 997 2884 currus,

117 2926 224 2992 Arma
237 2921 328 3010 loco,
343 2919 520 3016 splendent
533 2919 655 3014 clypei,
671 2918 903 3012 pharetraque
917 2917 1060 3004 decorae,
1160 2935 1164 2948 ·

117 3042 346 3140 Cingulaque,
361 3055 395 3111 et
408 3040 558 3110 nondum
575 3038 724 3108 deforme
738 3037 914 3108 cruoribus
927 3061 1058 3106 aurum.

168 3167 211 3233 At
224 3177 398 3257 postquam
415 3161 539 3247 rabies,
554 3174 587 3228 et
601 3159 676 3226 vitae
690 3157 830 3252 prodiga
844 3159 961 3228 Virtus

115 3285 265 3353 Emisere
278 3283 422 3369 animos,
437 3304 505 3349 non
522 3293 614 3348 tauta
630 3276 826 3346 cadentibus
843 3275 954 3345 Haedis
1025 3321 1028 3332 .

115 3404 252 3474 Aeriam
265 3400 454 3495 Rhodopen
468 3397 574 3468 solida
589 3397 665 3466 nive
679 3395 832 3468 verberat
846 3401 980 3478 Arctos,

115 3525 191 3595 Nec
209 3522 322 3617 fragor
338 3522 492 3590 Ausoniae
512 3533 638 3606 tantus,
659 3542 764 3612 quum
782 3518 938 3610 luppiter
956 3519 1049 3586 omui

114 3647 203 3712 Arce
217 3656 328 3729 tonat,
345 3654 438 3710 tanta
451 3621 602 3733 quatitur
613 3661 678 3706 nce
692 3635 855 3731 grandine
868 3637 992 3731 Syrtis,

113 3763 229 3852 Quum
244 3762 357 3856 Libyae
372 3763 495 3829 Boreas
508 3757 611 3828 Italos
628 3759 722 3852 niger
736 3755 850 3825 attulit
865 3757 997 3826 imbres.

112 3880 295 3952 Exclusere
308 3880 396 3950 diem
412 3877 501 3966 telis3
516 3892 607 3948 stant
619 3877 728 3946 ferrea
741 3874 824 3944 ooelo
920 3929 922 3936 s

111 3999 254 4088 Nubila,
270 4023 332 4068 nec
342 3997 461 4093 jaculis
476 4009 623 4067 arctatus
637 3995 760 4066 sufficit
773 4020 839 4065 aer.
944 4047 948 4062 ,

112 4123 157 4192 isi
172 4135 313 4216 pereunt
328 4120 451 4206 missis,
467 4115 747 4196 illiredeuntibus
761 4116 863 4186 hastis
879 4144 887 4186 :

261 4266 297 4312 rr.
992 4265 1016 4330 9
