3094 5140
391 523 449 578 noll
692 521 909 578 THEBatDos
931 523 1044 578 LIBER
1063 523 1112 578 xl.
1327 527 1360 588 (r.
1374 528 1444 588 ⁶⁸5.)

390 655 481 718 lstu:
502 649 590 717 feros
608 645 726 728 avidus
745 650 827 742 quin
848 649 1003 744 protinus
1025 649 1148 720 imbuis
1165 651 1290 720 enses?

390 770 497 841 Crede
516 796 530 850 :¹
546 769 624 840 licet
640 770 753 839 veniat
770 769 913 864 cupidus
932 794 1047 862 parere
1062 769 1215 859 satelles,

388 890 647 985 Intrepidusque
663 906 752 960 secet
772 915 840 959 non
859 893 1016 992 evitantia
1034 889 1130 960 oolla.

387 1014 502 1108 Incipe
523 1038 599 1096 tan,
610 1027 779 1106 exspectas
799 1026 837 1082 ut
853 1037 981 1106 pronus
1000 1011 1151 1107 supplice
1171 1014 1288 1106 dextra

388 1135 547 1216 Sternarl
563 1148 596 1202 et
614 1134 751 1202 immitis
763 1132 897 1202 domini
917 1134 1254 1228 ,vestigiaquaeraml'

387 1256 492 1350 Finge
510 1269 622 1340 eutem
643 1269 793 1338 tentare,
810 1253 923 1323 sines?
938 1254 1069 1336 ,mihine
1083 1253 1158 1327 ,ulla
1178 1257 1321 1325 minaris

387 1375 582 1471 Supplicia?
603 1373 765 1456 aut-ullos
784 1376 867 1446 reris
886 1401 1058 1470 superesse
1075 1377 1238 1446 timores?

388 1499 555 1591 Linquere
572 1513 659 1580 tecta
675 1498 796 1592 jubes?
815 1495 934 1566 coelum
951 1513 1131 1590 ,terrasque
1142 1497 1262 1594 reliqui

388 1621 536 1711 Sponte,
557 1633 658 1711 atque
677 1616 832 1689 ultricem
849 1615 992 1686 crudelis
1010 1619 1045 1686 in
1062 1643 1121 1687 ora
1139 1620 1257 1710 retorsi

388 1741 467 1809 Non
485 1737 555 1807 ullo
572 1753 711 1833 cogente
729 1762 888 1807 menum:
906 1738 989 1832 quid
1007 1738 1072 1807 tale
1082 1739 1218 1832 jubere,

386 1864 459 1930 Rex
477 1861 630 1945 inimice,
649 1859 768 1954 potes?
785 1860 894 1955 fugio,
914 1860 1106 1954 excedoque
1124 1861 1277 1931 nefandis

386 1981 527 2050 Sedibus
547 2007 556 2049 :
577 2006 620 2051 an
641 1980 757 2069 refert,
779 2006 847 2076 quo
867 1981 985 2052 funera
1005 1981 1119 2073 longa,
1139 1989 1298 2077 measque

385 2105 624 2198 Transportem
644 2103 821 2173 tenebras?
841 2127 883 2172 ne
903 2129 971 2172 non
989 2127 1077 2198 gens,
1089 2117 1208 2186 cuncta
1224 2109 1380 2196 precanti

387 2223 572 2312 Concedat,
590 2225 706 2318 patriae
719 2239 881 2320 quantum
903 2226 1004 2328 miser
1022 2223 1146 2293 incubo
1162 2223 1283 2292 tense?

386 2344 451 2414 Sed
468 2345 581 2416 dulces
598 2343 734 2416 Thebae!
754 2347 913 2415 nimirum
936 2347 990 2416 bic
1004 2345 1125 2431 clarior
1139 2362 1250 2432 ortus,

349 2465 352 2474 '
385 2469 430 2536 Et
449 2466 587 2539 meliora
605 2493 695 2554 meos
712 2466 921 2563 permulcent
940 2466 1048 2550 sidera
1066 2465 1189 2538 vultus.

386 2589 449 2658 Hic
465 2590 626 2683 genitrix,
646 2592 782 2683 natique
805 2588 955 2658 :habeas
976 2588 1136 2657 Thebana
1154 2601 1318 2684 regasque

386 2711 528 2797 Moenia,
546 2735 615 2804 quo
631 2697 797 2797 Cadmus,
816 2734 884 2804 quo
902 2709 1004 2778 Laius
1021 2711 1141 2788 omine¹
1151 2712 1252 2796 rexit,

385 2836 532 2928 Quoque
551 2858 613 2928 ego
634 2860 642 2903 ε
664 2835 711 2902 sic
729 2830 910 2917 thalamos,
930 2832 977 2918 sic
998 2832 1140 2926 pignora
1160 2831 1226 2900 fida
1245 2857 1402 2926 capessas
1424 2861 1433 2902 :

386 2955 458 3024 Nec
476 2955 539 3023 tibi
553 2956 597 3024 sit
608 2955 728 3044 ,virtus
740 2953 909 3036 fortunam
927 2952 1213 3040 evaderedextra3

386 3076 452 3146 Sed
466 3074 574 3145 lucem
592 3074 773 3169 deprensus
792 3099 881 3143 ames
902 3076 1008 3154 :satis
1020 3076 1137 3154 oroma
1153 3076 1246 3144 sanxi
1269 3103 1277 3143 :

386 3200 482 3283 Duc,
510 3221 587 3292 age,
612 3209 691 3264 neta
712 3193 830 3290 procul
850 3221 858 3262 ε
877 3194 958 3290 quid
978 3209 1140 3280 teautem
1161 3194 1308 3265 luctibus
1326 3197 1436 3266 addo?

385 3321 459 3406 Da,
479 3342 537 3388 rex
558 3303 861 3412 magne,'ducemr
883 3342 890 3384 :
915 3317 1025 3386 timuit
1045 3315 1233 3398 miseranda
1250 3315 1399 3412 relinqui

387 3440 573 3532 Antigone,
593 3445 766 3531 mutatque
781 3461 897 3533 preces
919 3462 926 3504 :
948 3435 1096 3508 «Felicia
1113 3461 1173 3532 per
1191 3451 1223 3505 te

385 3561 519 3653 Regna,
539 3558 684 3629 verende
695 3560 825 3646 Creon,
847 3541 1043 3651 sanctasque
1061 3561 1251 3628 Menoeceos
1269 3561 1436 3630 umbras:
1513 3639 1515 3647 q

386 3684 440 3750 De
458 3683 589 3750 veniam
607 3680 753 3768 afflicto,
774 3680 936 3774 dictisque
952 3682 1087 3775 ignosce
1100 3680 1269 3774 superbis.

386 3807 486 3872 Hunc
507 3789 635 3872 morem
656 3801 750 3871 fandi
766 3801 874 3897 lougae
891 3801 1167 3896 lecere'querelae.

387 3927 461 3994 'Nec
481 3921 542 3993 soli
563 3924 651 3994 serus
671 3926 732 3993 iste
752 3909 813 3992 tibi
834 3950 842 3992 :
863 3926 910 3994 sic
931 3923 1019 4013 fata,
1041 3927 1195 4018 Deosque

388 4046 581 4141 Alloquitur
601 4073 608 4114 :
627 4046 732 4115 durus
754 4045 1053 4140 luctu„facilisque
1072 4071 1133 4116 nec
1152 4048 1216 4140 ipsi

388 4169 482 4263 Saepe
500 4170 581 4238 mihi
603 4167 757 4263 :pridem
777 4168 942 4238 indomito
961 4167 1024 4236 sub
1044 4183 1179 4263 pectore
1198 4168 1303 4237 servet
