3156 5138
132 509 167 561 i..
182 502 248 566 17⁰.)
460 500 652 558 snvsnun
672 499 780 560 mna
802 473 861 556 m.¹
1138 488 1176 560 7⁵

133 624 293 698 Numina.
310 625 398 715 Quae
413 626 472 696 tibi
489 645 580 696 nunc
591 629 788 696 meritorum
809 626 944 722 pramis
961 623 1109 696 solvam?

133 745 229 835 Quas
249 745 389 816 reseram
407 743 538 842 grates?
554 749 737 817 Parcarum
753 745 809 816 fila
827 747 960 833 tenebo,

132 864 387 960 Extendamque
402 865 495 936 colus
517 891 525 935 :
545 865 665 936 durem
681 867 750 936 scio
768 869 900 936 sineere
919 881 1077 937 mortem:

134 985 295 1054 Avertam
311 983 442 1074 luctus,
460 1000 495 1055 et
509 986 617 1056 tristia
636 985 758 1055 damna
772 986 912 1074 vetabo,

133 1101 249 1198 Teque
265 1103 349 1174 nihil
367 1101 481 1176 laesum
499 1105 599 1176 viridi
619 1105 787 1176 renovabo
803 1120 950 1194 seneete3

134 1224 394 1319 Concedemque
409 1225 468 1296 diu
484 1226 624 1320 juvenes
637 1241 788 1320 spectare
805 1239 958 1320 nepotes,

133 1345 254 1414 Donec
271 1329 311 1414 et
325 1345 381 1416 hic
395 1369 525 1440 sponse
541 1357 709 1434 maturus,
727 1361 761 1415 et
778 1344 835 1415 illa
849 1347 971 1416 marite
987 1372 995 1415 :

133 1467 262 1534 Rursus
279 1479 312 1536 et
330 1463 456 1536 exiliis
473 1463 604 1535 soboles
620 1489 722 1551 nova3
740 1489 886 1560 grexque
904 1481 1080 1566 protervus

133 1585 236 1654 Nunc
251 1586 399 1655 humeris
416 1588 558 1681 irreptet
571 1587 640 1673 avi,
656 1611 746 1655 nunc
761 1588 894 1682 agmine
909 1584 1034 1656 blando

133 1705 300 1774 Certatim
320 1702 459 1798 placide
473 1720 654 1776 concurrat
668 1705 712 1774 ad
728 1704 843 1776 oscula
858 1703 971 1776 Pollae.

134 1825 225 1894 Nam
241 1823 376 1920 templis
392 1847 564 1920 nunquam
579 1839 745 1899 statuetur
760 1828 923 1898 terminus
939 1827 1016 1915 aevi,

132 1947 227 2014 Dum
247 1969 301 2015 me
315 1945 514 2042 flammigeri
534 1947 682 2040 portabit
698 1947 851 2018 machina
871 1944 956 2018 eceli.

133 2067 208 2136 Nec
223 2065 307 2135 mibi
323 2063 399 2161 plus
418 2067 558 2155 Nemee,
575 2067 764 2160 priscumne
779 2066 986 2138 habitabitur
998 2069 1121 2162 Argos,

133 2185 210 2256 Nec
230 2185 379 2254 Tiburna
395 2171 531 2274 domus,
548 2184 669 2256 solisve
688 2182 812 2255 cubilia
827 2185 950 2258 Gades.
962 2215 980 2252 s

182 2306 238 2375 Sic
251 2307 312 2394 ait,
327 2317 361 2374 et
378 2319 519 2400 tangens
535 2318 727 2400 surgentem
744 2302 905 2376 altaribus
921 2307 1049 2402 ignem,

131 2423 347 2521 Populeaque
361 2449 499 2496 movens
514 2422 660 2514 albentia
681 2439 833 2519 tempore
845 2424 944 2514 silva,
1036 2503 1040 2518 Ι

131 2541 176 2615 Et
191 2545 316 2640 Styga,
333 2558 368 2614 et
385 2542 520 2616 etherei
530 2544 661 2640 juravit
677 2543 818 2615 fulmina
834 2545 949 2639 patris.
