3192 5148
401 485 439 544 la
764 479 794 534 P.
816 477 940 534 PUBLII
961 476 1084 532 STtTss

399 606 481 674 Mox
496 601 554 671 ubi
574 599 728 691 delicias,
744 616 778 672 et
795 603 863 672 rari
882 603 1004 697 pignus
1020 601 1120 669 amici

342 777 367 824 ,⁸
399 723 528 809 Sensit,
548 735 582 790 et
599 723 710 792 amissi
727 746 871 817 puerum
888 719 1006 790 solatia
1022 718 1136 801 Blaesi3

399 839 503 910 Tollit
519 840 642 930 humo,
659 865 847 937 magnaque
865 840 946 936 ligat
965 841 1108 926 cervice,
1127 838 1251 932 diuque

398 964 475 1056 Ipse
492 985 594 1029 manu
612 961 761 1057 gaudens
778 962 958 1049 vehitset,
976 985 1049 1054 quas
1064 984 1205 1028 munera
1222 958 1332 1030 mollis

398 1078 517 1177 Elysii,
534 1080 663 1152 steriles
679 1107 810 1168 ramos,
828 1096 1002 1176 mutasque
1019 1079 1172 1150 volucres
1227 1111 1230 1118 ·

398 1203 533 1292 Porxit,
549 1215 584 1271 et
598 1201 718 1271 obtuso
736 1200 898 1296 pallentes
915 1201 1064 1298 genuine
1082 1200 1195 1286 flores;

398 1324 470 1394 Nec
486 1322 643 1418 probibet
661 1322 849 1392 meminisse
868 1324 917 1391 tui
935 1347 943 1389 ε
962 1320 1019 1391 sed
1037 1333 1172 1424 pectora
1189 1318 1331 1388 blandus

398 1443 533 1531 Miscet,
550 1456 584 1511 et
600 1439 769 1512 alternum
786 1466 891 1537 puero
907 1443 1052 1536 partitur
1070 1465 1260 1510 amorem.»

447 1563 510 1631 Hic
527 1561 602 1631 finis
619 1578 727 1658 rapto.
749 1565 844 1655 Quin
862 1578 898 1633 tu
911 1565 982 1657 jam
1000 1560 1139 1631 vulnera
1155 1559 1269 1647 sedas,

398 1684 442 1750 Et
460 1679 548 1750 tollis
564 1707 710 1752 mersum
727 1681 820 1752 luctu
840 1681 965 1777 caput?
980 1682 1093 1752 omnia
1110 1680 1244 1768 functa,

398 1802 466 1870 Aut
482 1802 645 1870 moritura
662 1801 754 1871 vides
772 1829 780 1870 :
799 1803 925 1872 obeunt
940 1815 1139 1895 noctesque,
1156 1800 1313 1893 diesque,

399 1921 583 2014 Astreque,
602 1945 664 1990 nec
680 1920 793 1991 solidis
809 1922 945 2017 prodest
962 1945 1021 1990 sua
1039 1921 1194 1989 machina
1211 1920 1317 1987 terris.

397 2039 485 2106 Nam
500 2038 663 2134 populos,
681 2039 822 2110 mortale
838 2066 959 2136 genus,
975 2039 1147 2136 plebisque
1165 2037 1297 2107 caducae

396 2157 482 2245 Quis
500 2157 575 2228 fleat
594 2159 775 2235 interitus?
790 2165 859 2230 Hos
876 2159 979 2247 bella,
995 2160 1057 2228 hos
1076 2181 1208 2252 aequora
1228 2172 1368 2250 poscunt
1387 2181 1396 2225 ε

397 2278 457 2346 His
475 2301 570 2349 amor
587 2282 703 2369 exitio,
720 2281 814 2350 furor
829 2281 895 2367 his,
912 2295 945 2348 et
962 2263 1047 2348 saeva
1063 2277 1208 2371 cupido;

396 2397 444 2464 Ut
461 2395 574 2466 sileam
591 2400 725 2469 morbos
743 2427 752 2468 :
771 2401 832 2468 hos
849 2423 909 2468 ora
926 2399 1069 2493 rigentia
1087 2401 1233 2480 Brumae,

396 2512 476 2584 Illos
492 2515 673 2610 implacido
690 2516 797 2589 letalis
813 2519 918 2587 Sirius
935 2518 1021 2611 igni,

396 2637 465 2702 Hos
483 2650 595 2704 manet
611 2636 782 2708 imbrifero
798 2633 926 2729 pallens
942 2642 1134 2706 Autumnus
1150 2634 1254 2702 hiatu.
1375 2677 1380 2688 -

397 2752 567 2847 Quicquid
583 2755 709 2826 habent
725 2770 834 2844 ortus,
855 2754 955 2824 finem
975 2757 1079 2823 timet.
1099 2754 1226 2822 Ibimus
1242 2777 1378 2839 omnes,

396 2869 522 2940 Ibimus
540 2898 548 2940 :
567 2874 736 2944 immensis
752 2899 873 2944 urnam
893 2875 1001 2969 quatit
1016 2877 1134 2942 AEacus
1151 2870 1248 2940 ulnis.

320 3021 324 3032 ·
446 2993 506 3061 Ast
523 2992 578 3062 hio
599 3016 698 3088 quem
715 2996 899 3088 gemimus,
917 2992 1015 3080 felix,
1034 2993 1267 3085 hominesque,
1284 2991 1442 3085 deosque,

395 3113 439 3179 Et
454 3109 574 3180 dubios
591 3135 686 3182 casus
701 3126 735 3181 et
751 3111 987 3184 caecae-lubrica
1004 3113 1080 3180 vite

395 3228 537 3324 Effugit,
557 3231 715 3300 immunis
731 3233 790 3302 fati
810 3259 818 3301 :
840 3258 907 3301 non
925 3230 981 3301 ille
998 3233 1142 3325 rogavit,

395 3350 473 3420 Non
492 3350 624 3438 timuit,
640 3353 804 3420 meruitve
819 3353 915 3422 mori.
934 3354 1005 3421 Nos
1021 3351 1120 3418 anxia
1138 3347 1266 3444 plebes,

395 3469 465 3538 Nos
481 3470 608 3555 miseri,
625 3470 745 3562 quibus
760 3470 849 3539 unde
866 3471 934 3538 dies
952 3494 1123 3564 suprema,
1140 3471 1216 3562 quis
1232 3469 1294 3537 evi

394 3588 526 3676 Exitus,
545 3577 728 3673 incertum3
745 3589 866 3681 quibus
883 3590 982 3656 instet
999 3587 1126 3657 fulmen
1141 3588 1184 3656 ab
1201 3590 1314 3675 astris,
1418 3667 1422 3674 Ι

394 3706 478 3795 Quae
495 3707 599 3776 nubes
615 3706 716 3776 fatale
731 3721 859 3777 sonent.
880 3705 936 3778 Nil
954 3706 1094 3776 flecteris
1113 3707 1201 3777 istis?

394 3823 458 3892 Sed
474 3823 605 3893 flectere
621 3823 736 3896 libens.
755 3825 842 3895 Ades
857 3825 924 3894 huc
939 3826 1076 3896 emissus
1092 3828 1134 3896 ab
1152 3842 1225 3896 atro

393 3944 545 4030 Limine,
565 3944 619 4012 cui
635 3943 695 4014 soli
713 3960 835 4014 cuncta
850 3947 1029 4040 impetrare
1048 3944 1206 4034 facultas,

393 4060 554 4148 Glaucia,
570 4088 648 4132 nam
666 4064 814 4134 insontes
829 4066 957 4134 animas
995 4089 1055 4134 nec
1075 4067 1219 4158 portitor
1236 4078 1346 4152 ercet,
1429 4143 1433 4152 .
