3156 5138
291 561 294 578 Ι
408 481 445 566 is
761 499 790 552 r.
814 497 937 552 runnu
958 495 1080 552 srirn

411 615 1451 646 mmmmm*

899 917 953 1002 11.

563 1251 914 1320 PROPEMPTICON
939 1251 1081 1319 METiO
1105 1249 1278 1318 CELERI.

860 1563 992 1584 un*—

409 1847 415 1854 '
459 1830 521 1916 Dr,
535 1825 655 1922 quibus
667 1827 809 1898 audaces
825 1852 919 1897 amor
939 1841 987 1897 est
1004 1849 1136 1896 servare
1151 1826 1293 1913 carinas,

410 1949 567 2040 Saevaque
582 1933 711 2016 ventosi
728 1930 1172 2040 mulcere'periculaponti,

411 2067 557 2136 Sternite
577 2064 677 2138 molle
692 2066 830 2155 fretum,
842 2065 1257 2162 placidumque'advertite
1268 2069 1355 2136 votis

411 2183 615 2276 Concilium,
631 2199 665 2256 et
685 2184 769 2258 lenis
785 2212 854 2257 non
869 2187 1042 2281 obstrepat
1057 2185 1147 2256 unda
1162 2187 1324 2280 precanti.

458 2307 623 2378 «Grande
644 2324 704 2378 tuo
721 2333 902 2403 rarumque
918 2307 1052 2397 demus,
1070 2307 1241 2402 Neptune,
1258 2305 1431 2401 profundo

412 2429 610 2522 Depositum
627 2405 645 2498 τ’
649 2430 781 2524 juvenis
799 2429 909 2498 dubie
923 2429 1146 2500 committitur
1161 2425 1239 2496 alno

411 2549 551 2634 Metius,
569 2561 670 2642 etque
684 2549 803 2618 anime
819 2564 949 2644 partem
970 2573 1069 2643 super
1084 2572 1218 2643 aequora
1230 2539 1357 2617 ¹nostrae

411 2669 577 2761 Majorem
592 2667 771 2739 transferre
792 2682 903 2764 parat;
919 2669 1064 2764 proferte
1078 2669 1225 2762 benigna

412 2787 543 2874 Sidera,
560 2802 594 2858 et
611 2805 764 2860 antennse
780 2793 915 2886 gemino
932 2789 1095 2861 considite
1114 2812 1236 2876 cornu,

413 2905 549 2978 OEbalii
564 2907 682 2978 fratres
698 2935 706 2978 ε
727 2910 821 2980 vobis
840 2925 1030 3005 pontusque
1052 2906 1216 3003 polusque

413 3029 540 3097 Luceat
555 3053 564 3096 ε
582 3025 692 3098 Iliacae
707 3027 806 3126 longe
822 3030 974 3100 nimbosa
990 3028 1113 3098 sororis

412 3149 510 3216 Astra
521 3145 650 3243 fugate,
667 3162 959 3244 precor,¹totoque
975 3145 1141 3218 excludite
1157 3144 1252 3216 coelo.

460 3295 478 3331 α
488 3269 559 3338 Vos
579 3293 713 3363 quoque
729 3247 926 3358 coeruleuin,
946 3267 1030 3336 divae
1045 3266 1225 3354 Nereides,
1242 3291 1378 3362 agmen,

381 3447 389 3462 .
414 3387 502 3476 Quis
517 3387 642 3477 honor,
660 3403 696 3458 et
713 3392 810 3484 regni
831 3388 927 3458 cessit
943 3386 1078 3458 fortuna
1094 3385 1233 3456 secundi

413 3505 550 3602 (Dicere
567 3533 650 3604 quas
666 3509 778 3604 magni
790 3508 839 3577 fas
855 3509 899 3579 sit
914 3508 997 3578 mihi
1012 3507 1120 3576 sidera
1138 3503 1270 3602 ponti),

415 3627 547 3720 Surgite
563 3626 605 3698 de
619 3629 733 3696 vitreis
750 3651 915 3723 spumosae
930 3627 1076 3698 Doridos
1093 3625 1214 3714 antris,

416 3746 624 3840 Baianosque
640 3749 750 3836 sinus,
770 3763 805 3818 et
820 3747 886 3816 seta
901 3747 1091 3841 tepentibus
1106 3744 1206 3814 undis

414 3867 528 3936 Litora
544 3866 727 3961 tranquillo
742 3869 896 3938 certatim
915 3867 1040 3936 ambite
1058 3881 1192 3953 natatu,
1295 3863 1300 3872 ’

415 3987 612 4076 Quoerentes
628 3987 684 4055 ubi
698 3986 784 4057 celsa
804 3989 901 4074 ratis,
923 4012 1024 4081 quam
1044 3985 1205 4056 scandere
1220 3983 1344 4080 gaudet

416 4101 546 4176 Nobilis
563 4107 718 4177 Ausoniae
735 4107 834 4178 Celer
849 4108 1081 4202 armipotentis
1096 4104 1263 4176 alumnus.
