3206 5136
119 477 240 539 totu-t
441 474 658 530 rnnnnnos
680 475 792 532 unna
812 475 861 530 w.
1143 485 1184 542 ,ις

121 605 334 689 Centauros,
352 598 526 694 solidoque
545 601 671 669 intorta
689 599 869 670 adamante
886 599 1062 693 gigantum

122 721 288 811 Vincula,
308 738 343 792 et
363 736 539 818 angustam
558 724 692 811 centeni
711 722 878 815 AEgaeonis
895 715 1072 788 umbram?
1088 745 1104 780 s

175 874 192 908 a
208 847 335 929 Immo,
356 845 418 932 ait,
436 868 458 913 o
478 814 602 912 nostrae
620 843 770 936 regimen
787 841 943 933 viresque
961 849 1115 925 senectae,

124 967 182 1034 Ne
198 962 337 1059 vulgato
353 965 438 1035 mihi
457 990 466 1032 τ
485 964 561 1057 quis
580 964 672 1035 enim
691 959 871 1032 remeabile
888 983 1027 1044 saxum,

126 1081 364 1177 Pallentesque
380 1082 490 1170 lacus,
508 1085 701 1178 Tityonque
721 1080 881 1151 alimenta
899 1079 1092 1162 volucrum,

129 1209 176 1274 Et
193 1203 394 1301 caligantem
412 1205 523 1302 longis
544 1207 663 1275 Ixiona
684 1204 775 1300 gyris

130 1325 290 1395 Nesciat?
309 1327 380 1420 ipse
398 1327 522 1410 etiam,
541 1323 661 1395 melior
679 1349 786 1419 quum
805 1324 956 1420 sanguis,
974 1335 1108 1416 opertas
1169 1337 1172 1344 '

131 1447 270 1540 Inspexi
291 1445 400 1536 sedes,
419 1451 544 1518 Hecate
562 1446 725 1531 ducente,
741 1446 940 1540 priusquam

134 1567 263 1637 Obruit
279 1591 339 1636 ora
358 1570 466 1654 Deus,
487 1581 659 1661 totamque
678 1567 713 1634 in
731 1580 869 1660 pectora
888 1562 999 1635 lucem

135 1686 280 1758 Detulit.
303 1687 478 1784 Argolicas
497 1690 603 1782 magis
625 1689 692 1758 huc
712 1685 845 1781 appelle
865 1684 1052 1781 precando,

121 1810 382 1903 -Thebanasqne
403 1810 533 1880 animas
553 1836 561 1878 :
578 1808 658 1878 alias
675 1822 827 1878 avertere
841 1831 977 1902 gressus

137 1936 242 2000 Lacte
260 1947 382 2025 quater
401 1955 555 2027 sparsas,
575 1945 763 2024 moestoque
779 1927 940 1999 excedere
960 1926 1053 2012 luco,

138 2055 244 2140 Nata,
261 2052 362 2145 jube,
380 2067 461 2122 tunc
476 2053 552 2146 quis
572 2050 704 2139 vultus,
723 2051 941 2143 habitusque,
963 2051 1038 2141 quis
1058 2047 1160 2115 ardor

140 2173 322 2269 Sanguinis
344 2173 464 2260 affusi,
484 2199 565 2272 gens
583 2189 660 2242 utra
677 2171 855 2268 superbior
871 2169 976 2256 adsit,

141 2296 206 2364 Dic
223 2293 384 2390 agedum,
404 2310 623 2388 nostramque
641 2319 741 2364 move
762 2318 822 2389 per
841 2290 973 2389 singula
990 2302 1132 2358 noctem.
1151 2319 1166 2349 >a

192 2423 290 2490 Jussa
306 2417 402 2505 lacit,
418 2442 624 2512 carmenque
641 2418 722 2486 serit
742 2442 811 2511 quo
834 2415 973 2511 dissipet
991 2416 1148 2506 umbras,

144 2541 224 2630 Quo
244 2555 340 2633 regat
357 2555 391 2608 et
411 2563 542 2634 sparsas
560 2565 569 2608 ι
587 2538 710 2634 qualis,
727 2541 755 2608 si
771 2540 912 2610 crimina
929 2538 1061 2622 demas,

146 2660 297 2747 Colchis,
313 2675 348 2730 et
364 2664 454 2731 AEaeo
473 2660 664 2734 simulatrix
682 2659 783 2731 litore
802 2662 913 2733 Circe.

145 2785 243 2851 Tunc
260 2781 516 2852 bis-sacrificum
538 2782 636 2852 dietis
653 2782 756 2852 allata
776 2798 951 2877 parentem
972 2807 980 2850 :

197 2933 214 2968 α
225 2906 359 2974 Primus
376 2905 562 2998 sanguineo
581 2903 752 2972 submittit
769 2903 891 2972 inertia
908 2901 1056 2974 Cadmus

148 3031 220 3096 Ora
242 3026 331 3113 lacu,
349 3027 513 3120 juxtaque
532 3027 643 3094 virum
664 3025 843 3117 Cythereia
864 3022 992 3118 proles;

93 3234 96 3241 Δ
149 3149 268 3219 Effluit
285 3149 463 3232 amborum
485 3148 639 3241 geminus
659 3147 701 3215 de
723 3147 847 3216 vertice
867 3170 1004 3239 serpens
1027 3171 1035 3216 ε

150 3269 342 3361 Terrigenae
359 3268 498 3336 comites
514 3265 607 3353 illos,
626 3292 707 3362 gens
723 3269 865 3350 Martia,
883 3267 1036 3360 cingunt.

152 3391 213 3459 His
232 3391 293 3458 aevi
311 3413 470 3458 mensure
488 3388 558 3458 dies
578 3414 586 3456 ι
609 3413 728 3457 manus
747 3389 857 3458 omnis
877 3389 912 3456 iu
929 3389 1047 3475 armis,

152 3512 273 3581 Omnis
291 3525 325 3579 et
346 3511 382 3578 in
400 3508 549 3604 capulo:
574 3511 771 3604 prohibent,
794 3511 1016 3602 obstantque,
1038 3521 1211 3601 ruuntque

155 3633 353 3727 spirantum
371 3633 464 3702 rabie
482 3657 490 3699 ι
510 3657 572 3700 nec
588 3632 675 3700 tristi
695 3631 890 3701 incumbere
909 3629 1003 3700 sulco
1104 3655 1112 3674 ’

136 3732 263 3841 Cura,
280 3752 338 3822 sed
359 3751 530 3831 alternum,
545 3767 708 3846 cuperent
724 3752 862 3822 haurire
881 3775 1048 3820 cruorem.

153 3876 310 3944 Proxime
329 3891 486 3944 natarum
504 3899 623 3942 manus
641 3888 707 3961 est,
729 3873 866 3968 fletique
883 3890 1033 3969 nepotes.

154 3996 219 4062 Hic
238 3995 357 4065 orbam
378 3999 581 4077 Autonoen,
598 4010 631 4064 et
649 3994 806 4064 anhelam
825 3996 995 4066 cernimus
1015 3997 1078 4064 lno

156 4120 414 4210 Respectantem
432 4142 553 4203 arcus,
571 4133 605 4186 et
620 4117 665 4187 ad
685 4117 787 4188 ubera
805 4116 904 4188 dulce
920 4131 1130 4212 prementem

1056 4258 1074 4298 ‘J
1081 4283 1087 4295 .
