3156 5138
399 469 452 538 154
759 468 789 521 P.
810 467 936 523 runnu
955 467 1080 524 STATss
1347 465 1379 524 (t-
1391 471 1441 527 rot

395 593 566 679 Hectoris,
586 591 761 662 Haemonio
780 591 891 686 pudor
905 591 1115 662 estservisse
1134 575 1265 658 marito.

445 717 524 786 Nou
539 736 602 808 ego
622 713 782 806 quassati
801 727 911 782 certus
931 712 994 782 sibi
1010 733 1091 780 voce
1110 733 1235 782 cauma

400 837 538 908 Inferias
558 834 734 930 praemittit
752 833 838 931 olor,
864 857 926 904 nec
943 857 1028 928 rupe
1044 829 1137 926 quod
1152 845 1225 902 atra

395 955 575 1050 Tyrrhenae
588 953 745 1025 uolucres
765 954 877 1024 nautis
893 951 1059 1048 praedulce
1077 953 1264 1042 minantur,

399 1079 438 1146 In
454 1076 582 1172 patrios
601 1073 770 1143 adhibebo
787 1097 904 1168 rog0s;
921 1099 990 1142 non
1007 1098 1183 1144 murmure
1201 1089 1323 1146 trunco

395 1196 501 1288 Quod
519 1195 646 1290 gemit,
664 1209 699 1264 et
716 1193 796 1264 dirae
811 1193 963 1287 queritur
983 1191 1171 1264 Philomela
1187 1197 1315 1282 sorori3

393 1318 485 1387 Nota
503 1316 605 1386 nimis
621 1316 689 1386 vati
709 1341 718 1383 ε
737 1315 812 1408 quis
830 1337 900 1386 nou
919 1314 955 1384 in
972 1313 1091 1386 funera
1109 1330 1247 1391 cunctos

392 1435 572 1510 Heliadum
591 1459 719 1524 mmos,
737 1433 988 1530 lacrymosaque
1005 1437 1157 1530 germina
1173 1434 1287 1522 duxit,

393 1563 437 1628 Et
453 1557 641 1652 Phrygium
661 1554 802 1642 silicem,
816 1569 922 1649 atque
942 1579 1063 1628 ausum
1080 1558 1249 1632 contraria
1266 1558 1397 1630 Pboebo

394 1680 571 1767 Carmina,
591 1701 653 1746 nec
670 1675 758 1748 loeda
777 1678 926 1772 gavisam
943 1675 1080 1750 Pallada
1095 1677 1212 1752 buxo?

395 1803 442 1869 Te
459 1800 570 1870 Pietas
588 1796 694 1870 oblita
709 1799 837 1886 vuum,
855 1812 1078 1891 revocataque
1095 1797 1181 1872 coelo

393 1924 412 1989 J
415 1921 548 2006 ustitia,
566 1933 601 1988 et
617 1920 751 2014 gemina
768 1917 904 2014 planget
923 1918 1094 1991 Facundia
1113 1917 1246 2014 lingua,

392 2044 439 2109 Et
456 2037 582 2128 Pallas,
600 2038 760 2134 doctique
775 2039 896 2108 cohors
914 2038 1087 2114 Heliconia
1106 2039 1245 2127 Phoebi;

394 2160 481 2250 Quis
503 2160 755 2234 honordonios
773 2185 854 2230 seno
871 2159 955 2256 pede
972 2159 1096 2235 ducere
1115 2176 1249 2248 cantus,

394 2285 437 2352 Et
455 2282 577 2376 quibus
593 2281 736 2356 Arcadia
754 2305 890 2358 carmen
907 2280 1075 2354 testudine
1093 2281 1215 2352 mensis

395 2409 485 2475 Cura
505 2403 591 2499 lyre,
609 2427 801 2496 nomenque
819 2400 907 2490 suit,
920 2425 1071 2495 quosque
1089 2401 1171 2476 orbe
1189 2402 1251 2474 sub
1267 2404 1362 2472 omni

395 2523 509 2594 Ardua
528 2537 667 2616 septena·
681 2537 838 2595 numerat
853 2523 1025 2616 Sapientia
1042 2520 1149 2610 fama,

395 2644 465 2732 Qui
484 2636 606 2728 furias,
626 2666 812 2737 regumque
829 2640 941 2730 dolos,
961 2667 1143 2736 aversaque
1161 2641 1245 2711 coelo

394 2764 512 2840 Sidera
531 2763 680 2838 terrifico
698 2789 799 2857 super
814 2763 1195 2852 intonuerecothurn03

394 2890 437 2954 Et
453 2885 528 2980 quls
549 2884 670 2960 lasciva
687 2863 774 2954 uires
792 2900 932 2960 tenuare
949 2882 1070 2956 Thalia

394 3004 520 3092 Dulce,
539 3002 593 3074 vel
614 3005 735 3081 heroos
754 3029 871 3100 gressu
892 3018 1050 3074 truncare
1068 3019 1211 3074 tenores.

395 3129 519 3196 Omnia
537 3151 682 3221 namque
703 3128 817 3203 animo
837 3124 1048 3220 complexus,
1064 3140 1098 3196 et
1115 3125 1272 3198 omnibus
1291 3140 1414 3196 auctor

396 3249 475 3337 Qua
495 3248 587 3318 fandi
607 3245 746 3323 vialata
763 3260 855 3342 patet
874 3273 882 3314 z
902 3247 971 3317 sive
989 3270 1064 3323 orsa
1080 3244 1205 3319 libebat
1297 3261 1305 3282 ⁸

395 3371 513 3441 Aoniis
530 3372 658 3443 vincire
677 3369 801 3456 modis,
819 3391 876 3441 seu
892 3393 975 3444 voce
993 3367 1102 3440 soluta

395 3495 574 3586 Spargere,
592 3504 627 3560 et
642 3489 771 3561 effreno
787 3488 920 3559 nimbos
937 3487 1229 3583 aequareprol'atu.

443 3616 567 3692 Exsere
586 3613 767 3682 somirutos
787 3611 900 3684 subito
919 3610 960 3684 de
982 3609 1121 3705 pulvere
1138 3609 1270 3699 vultus,

395 3734 624 3826 Parthenope,
642 3733 836 3825 crinemque
853 3731 968 3806 afflato
985 3748 1100 3802 monte
1115 3730 1240 3826 sepulti

395 3859 486 3924 Pone
505 3879 607 3950 super
626 3851 793 3942 tumulos,
812 3868 845 3923 et
863 3857 975 3950 magni
995 3854 1096 3924 sunus
1112 3854 1260 3944 alumni,

395 3979 473 4065 Quo
490 4000 559 4043 non
574 3974 767 4068 Munychias
785 3974 968 4070 quidquam
988 3976 1200 4070 prestantius
1219 4000 1328 4060 arces,

395 4103 546 4168 Doctave
563 4100 710 4191 Cyrene,
729 4099 887 4191 Sparteve
907 4099 1055 4168 animosa
1077 4099 1213 4170 creavit.
1317 4161 1319 4169 ,
