3130 5146
370 539 407 595 5⁰
540 539 551 556 ¹
734 541 763 594 P.
786 537 909 594 PUBLII
931 537 1060 592 srarlt
1350 543 1417 597 lat-t

372 651 1416 686 fflmmmmmmmwmummm

852 990 939 1077 ΙΙΙ.

534 1281 538 1293 ’
578 1278 744 1347 ΑΒΒΟΒ
770 1279 936 1347 ΑΤΕΠΙΙ
960 1277 1212 1348 MELIORIS.

818 1652 978 1670 *¹-
1028 1649 1029 1654 ¹

423 1975 530 2060 Srsr,
550 1996 624 2067 quae
642 1972 834 2068 perspicuas
849 1971 948 2041 nitidi
966 1972 1117 2042 Melioris
1134 1987 1254 2071 opacat

376 2094 486 2164 Arbor
506 2117 629 2188 aquas,
645 2090 819 2188 complexa
837 2090 930 2163 lacus
951 2119 959 2162 :
982 2118 1019 2164 ea
1038 2096 1160 2164 robore
1180 2095 1221 2164 ab
1240 2093 1309 2162 imo

377 2217 543 2302 Curram,
563 2212 681 2283 enodis
700 2212 788 2282 redit
806 2211 899 2302 inde,
919 2215 1093 2284 cacumine
1112 2227 1203 2284 recto

377 2333 510 2421 Ardua;
527 2358 589 2403 ceu
605 2332 725 2404 mediis
741 2336 863 2402 iterum
882 2349 1038 2402 nascatur
1054 2334 1095 2404 ab
1116 2332 1233 2421 undis,
1325 2349 1330 2354 “

378 2457 488 2548 Atque
504 2453 633 2522 habitet
651 2454 798 2521 vitreum
815 2453 923 2522 tacitis
940 2452 1108 2523 radicibus
1124 2479 1267 2523 amnem.

426 2572 520 2664 Quid
534 2572 698 2643 Phoebum
719 2586 787 2640 tam
804 2596 908 2668 parva
928 2573 1067 2668 rogem?
1086 2598 1144 2643 vos
1161 2572 1262 2643 dicite
1279 2596 1395 2642 causas
1419 2559 1422 2566 ¹

379 2692 517 2778 Naides,
536 2707 568 2760 et
583 2691 696 2762 faciles
711 2693 808 2789 (satis
825 2689 893 2786 est)
910 2691 987 2762 date
1004 2691 1153 2763 carmina
1170 2693 1288 2762 Fauni.

380 2816 616 2909 Nympharum
632 2829 753 2884 tenerae
769 2813 942 2909 fugiebant
957 2811 1049 2883 Pana
1067 2827 1207 2883 catervae
1226 2841 1235 2884 :

380 2933 442 3006 Ille
459 2907 594 3028 guidem
611 2935 653 3022 it,
671 2948 807 3036 cunctas
824 2948 984 3027 tanquam
1001 2932 1097 3020 velit3
1113 2936 1140 3004 it
1159 2948 1270 3003 tamen
1286 2957 1389 3003 unam

381 3057 423 3124 ln
437 3053 588 3124 Pholoen
609 3080 617 3122 ε
639 3051 729 3123 silvis
747 3054 816 3123 haec
833 3053 1093 3149 fluminibusque
1112 3055 1280 3148 sequentis

382 3176 482 3245 Nunc
499 3175 606 3244 hirtos
623 3199 768 3270 gressus,
786 3199 876 3244 nunc
892 3175 1046 3270 improba
1062 3199 1189 3243 cornua
1209 3175 1303 3243 vitat.

383 3299 522 3388 Jamque
538 3309 571 3363 et
586 3293 783 3391 belligerum
793 3296 875 3365 Jani
895 3320 1027 3380 nemus,
1046 3309 1185 3389 atraque
1204 3294 1285 3364 Caci

384 3418 492 3504 Rura,
508 3413 766 3510 Quirinalesque
781 3415 861 3511 luga
880 3440 1038 3509 suspensa
1055 3440 1116 3509 per
1132 3439 1230 3510 agros

385 3532 509 3604 Coelica
525 3548 611 3604 tecta
625 3534 715 3605 subit
735 3561 743 3603 :
765 3549 837 3604 tum
858 3533 994 3603 demum
1014 3535 1102 3604 victa
1120 3533 1252 3622 labora,

385 3656 484 3722 Fessa
502 3671 608 3742 metu,
627 3679 694 3750 qua
709 3679 800 3724 nunc
819 3653 941 3749 placidi
961 3652 1111 3724 Melioris
1131 3655 1239 3750 aperti

386 3775 484 3843 Stant
504 3775 575 3843 sine
595 3773 712 3844 fraude
729 3772 831 3863 lares,
847 3772 967 3843 fluidos
984 3772 1119 3868 collegit
1135 3775 1275 3844 amictus

386 3896 537 3985 Arctius,
554 3910 587 3965 et
602 3897 707 3964 niveae
723 3896 833 3991 posuit
851 3920 885 3964 se
903 3896 1053 3991 margine
1071 3897 1161 3990 ripae.

386 4017 579 4110 Insequitur
594 4015 691 4086 velox
711 4039 871 4111 pecorum
885 4019 991 4103 Deus,
1009 4030 1042 4084 et
1058 4039 1117 4084 sua
1136 4013 1274 4084 credens

388 4138 581 4225 connubia,
601 4136 731 4207 ardenti
745 4138 883 4232 jamjam
904 4137 1045 4230 suspiria
1064 4134 1164 4204 librat
