3200 5142
407 537 462 586 rtto
729 529 942 587 musalms
962 527 1074 586 LIBER
1093 527 1116 580 Ι.
1332 525 1364 584 (t-
1376 519 1450 582 Mi

406 656 577 742 Extrahit,
596 667 629 723 et
644 653 748 749 longo
765 655 932 723 consumit
948 649 1068 746 gaudia
1090 662 1180 716 voto.

455 773 552 845 Tunc
572 773 664 844 sedet
682 773 834 842 Inachias
856 772 971 857 urbes,
991 769 1204 862 Danaeiaque
1221 790 1318 853 arva,

406 901 449 966 Et
469 893 648 989 caligantes
664 888 900 986 abrupto'soie
915 892 1094 984 Mycenas,

405 1019 506 1086 Ferre
527 1016 590 1082 iter
609 1010 840 1106 impavidum:
858 1031 913 1078 seu
931 1010 1053 1103 praevia
1069 1007 1161 1076 ducit
1177 1007 1341 1098 Erinnys,

408 1141 473 1206 Seu
492 1134 559 1204 fors
580 1129 637 1200 illa
652 1130 825 1218 vite,‡sive
844 1129 907 1198 hac
927 1129 1063 1196 immota
1080 1124 1221 1196 vocabat

406 1260 561 1349 Atropos.
581 1251 721 1347 Ogygiis
741 1247 869 1317 ululata
886 1246 1055 1316 furoribus
1072 1259 1168 1314 antra

407 1375 558 1460 Deserit,
577 1386 611 1441 et
629 1372 770 1466 pingues
791 1367 941 1438 Baccheo
960 1365 1122 1461 sanguiue
1139 1361 1249 1432 colles.

454 1493 539 1564 Inde
557 1490 706 1587 plagam,
722 1495 793 1583 'qua
809 1483 910 1554 molle
928 1483 1044 1554 sedens
1061 1485 1097 1552 in
1113 1480 1214 1578 plana
1230 1483 1404 1552 Cithaeron

407 1614 611 1709 Porrigitur,
630 1608 828 1704 lapsumque
845 1603 985 1675 inclinat
997 1603 1044 1692 [ad
1062 1627 1196 1698 aequora
1215 1617 1382 1688 montem,

409 1733 570 1804 Praeterit
590 1729 679 1798 Hine
695 1741 787 1797 arcte
804 1723 980 1821 scopuloso
1000 1725 1036 1793 in
1055 1723 1159 1793 limite
1175 1723 1345 1820 pendens,

407 1853 552 1925 Infames
570 1851 718 1944 Scyrone
737 1861 864 1942 petras,
884 1844 1088 1940 Scyllaeaque
1107 1868 1187 1912 rura

407 1983 583 2074 Purpureo
601 1983 738 2067 regnata
754 1968 844 2053 seni,
864 1966 1046 2059 mitemque
1064 1963 1265 2052 Corinthum

407 2100 567 2194 Linquit,
586 2099 671 2166 etin
688 2093 805 2164 mediis
822 2092 914 2162 audit
935 2085 1002 2156 duo
1018 2083 1116 2155 litora
1136 2085 1272 2179 campis.

456 2224 597 2313 Jamque
618 2243 680 2313 per
696 2217 827 2285 emeriti
844 2237 984 2309 surgens
1003 2206 1149 2283 confinia
1167 2206 1284 2275 Phoebi

407 2341 556 2427 ¹Titanis,
577 2337 644 2407 late
659 2336 787 2406 mundo
808 2335 966 2405 subvecta
983 2333 1094 2404 silenti

410 2458 565 2530 Rorifera
583 2454 731 2553 gelidum
748 2469 943 2523 tenuaverat
964 2477 1044 2526 uera
1057 2455 1144 2548 biga.

409 2586 481 2649 Jam
500 2576 650 2672 pecudes
660 2574 880 2669 volucresque
898 2588 1009 2644 tacent
1022 2601 1029 2642 :
1040 2575 1111 2668 jam
1131 2599 1268 2644 somnus
1288 2575 1397 2644 avaris

409 2699 555 2793 Inserpit
576 2697 681 2783 curis,
700 2719 892 2789 pronusque
911 2720 971 2791 per
990 2717 1067 2766 aera
1084 2709 1205 2782 nutat,

412 2823 515 2888 Grata
532 2815 690 2886 laboratae
705 2815 854 2898 referens
872 2814 995 2886 oblivia
1017 2819 1101 2885 vitae.

411 2938 478 3008 Sed
497 2961 559 3006 nec
582 2936 725 3039 puniceo
742 2935 930 3004 rediturum
950 2934 1065 3006 nubila
1082 2934 1187 3006 coelo·

411 3059 599 3128 Promisere
614 3055 726 3149 jubar,
744 3079 806 3124 nec
825 3057 1069 3125 rarescentibus
1086 3057 1213 3127 umbris

412 3183 530 3274 Longa
549 3199 744 3272 repercusso
765 3177 900 3244 nituere
919 3175 1117 3270 crepuscula
1130 3176 1269 3247 Phoebo.

379 3325 382 3330 ·
414 3300 560 3370 Deusior
576 3321 596 3366 a
612 3297 732 3384 terris,
752 3309 785 3364 et
803 3294 886 3364 nulli
909 3297 1024 3392 pervia
1044 3296 1187 3366 flammeo

414 3421 566 3492 subtexit
582 3443 650 3488 nox
665 3431 736 3486 atra
754 3414 859 3511 polos.
878 3420 953 3486 Jam
970 3416 1116 3488 claustra
1136 3420 1275 3513 rigentis

415 3539 528 3612 AEoliae
545 3560 702 3632 percussa
721 3552 862 3623 sonant,
881 3552 1092 3631 venturaque
1109 3563 1213 3607 rauco

414 3664 484 3730 Ore
502 3659 650 3727 minatur
665 3657 772 3726 biems
782 3708 793 3746 ,
811 3658 902 3726 venti
922 3671 1110 3728 transversa
1127 3657 1308 3730 frementes

415 3778 811 3874 Confligunt,exemque
832 3791 943 3858 emoto
961 3777 1097 3848 cardine
1115 3778 1265 3867 vellunt,

417 3905 509 3972 Dum
529 3896 649 3968 eoelum
668 3898 730 3966 sibi
749 3897 890 3992 quisque
909 3900 1008 3993 rapit.
1029 3898 1095 3968 Sed
1113 3897 1279 3994 plurimus
1298 3875 1420 3971 Auster

416 4019 621 4117 Inglomerat
641 4031 793 4106 noctem,
812 4033 846 4086 et
864 4018 1041 4089 tenebrosa
1061 4017 1233 4092 volumina
1251 4035 1407 4115 torquet,

417 4141 647 4234 Defunditque
665 4137 806 4227 imbres,
824 4138 913 4208 sicco
930 4164 1020 4233 quos
1034 4163 1131 4234 asper
1148 4139 1242 4210 hiatu
