3200 5142
158 518 275 580 tvae.)
482 517 695 574 rnnnunos
717 519 826 574 nmen
847 519 886 574 11:
1032 489 1033 494 '
1162 536 1219 591 209

159 647 348 712 Assuevere
361 644 471 738 jugo:
495 645 600 739 pudet
616 641 696 712 heu!
717 642 903 738 plebisque,
925 657 1144 736 patrumque,
1191 677 1194 706 ι

160 763 213 831 Ne
232 761 331 832 toties
350 764 479 834 incerta
496 765 622 860 ¹ferant,
638 778 1026 860 mutentquegementes

159 887 328 979 Imperia,
345 899 378 956 et
396 886 499 956 dubio
516 887 629 980 pigeat
647 909 763 980 parere
785 899 939 979 tyranno.
1058 963 1061 970 ,

160 1010 242 1078 Non
260 1006 521 1103 parcit'populis
539 1009 801 1102 regnumbreve
818 1033 826 1075 ε
844 1007 971 1100 respice
987 1019 1132 1100 quantus

161 1133 305 1216 Horror,
323 1143 358 1198 et
375 1129 512 1198 attoniti
531 1111 648 1198 noslro
669 1131 704 1198 in
724 1127 922 1206 discrimine
934 1127 1032 1195 cives.

160 1254 277 1322 Hosne
292 1274 372 1344 ego,
388 1249 464 1344 quls
479 1265 568 1319 certa
584 1265 634 1319 est
649 1249 711 1318 suh
728 1265 762 1318 te
778 1248 862 1318 duce
877 1271 993 1342 poena,
1010 1245 1216 1343 relinquam?

160 1375 290 1460 Iratus,
311 1395 486 1466 germane,
507 1371 623 1440 venis:
642 1370 702 1441 fac*
714 1369 896 1458 velle,·nec
915 1370 978 1463 ipsi

161 1489 216 1583 (Si
234 1491 336 1562 modo
355 1473 456 1561 notus
469 1501 583 1581 amor,
603 1493 781 1587 meritique
801 1506 850 1562 est
867 1489 994 1586 gratia)
1011 1504 1125 1585 patres

161 1611 317 1682 Reddere
335 1636 437 1706 regna
458 1613 607 1682 sinent.»
626 1613 705 1682 Non
727 1611 814 1682 ultra
832 1636 966 1706 passus,
983 1625 1017 1679 et
1033 1633 1106 1680 orsa
1128 1659 1131 1664 ι
1151 1641 1155 1648 ’

144 1731 281 1826 ¹Injecit
297 1727 414 1802 mediis
435 1730 647 1804 sermonibus
667 1732 791 1802 obvia:
809 1731 983 1816 «Reddes,

141 1853 369 1948 ‚Ingenium
391 1853 536 1922 reddes:
558 1878 627 1922 non
647 1855 675 1922 si
698 1868 730 1923 te
750 1853 879 1922 ferreus
898 1877 1001 1950 agger

160 1974 316 2060 Ambint;
339 1988 397 2043 aut
414 1971 561 2070 triplices
580 1972 647 2046 alio
663 1976 725 2044 tibi
744 1976 892 2044 carmine
908 1999 1023 2042 muros
1073 2019 1074 2024 κ
1185 1985 1189 1992 ’

158 2095 329 2188 Amphion
346 2094 481 2164 auditus
502 2112 604 2190 agat:
623 2095 671 2166 nil
691 2096 772 2186 tela,
789 2123 850 2166 nec
868 2099 961 2194 ignes

159 2213 379 2303 Obstiterint,
401 2215 489 2310 quin¹
503 2241 584 2288 ausa
605 2218 694 2308 luas,
714 2219 905 2316 nostrisque
923 2217 986 2288 sub
1005 2219 1106 2288 armis

157 2337 304 2430 Captivo
322 2337 544 2407 moribundus
564 2339 706 2410 humum
726 2338 915 2434 diademate
935 2337 1067 2435 pulses.-

153 2459 212 2524 Tu
230 2458 350 2526 merito
369 2483 378 2526 :
394 2473 444 2528 ast
460 2460 583 2528 horum
601 2461 756 2548 miseret,
768 2473 860 2555 'quos
877 2461 1042 2554 sanguine
1061 2457 1161 2546 viles,

158 2577 369 2671 Conjugibus
388 2581 541 2674 natisque
558 2580 695 2650 infanda
712 2581 756 2650 ad
775 2581 892 2676 proelia
910 2595 1041 2674 raptos,
1186 2565 1187 2570 ἵ

157 2699 297 2792 Projicis
317 2698 463 2788 excidio,
481 2701 571 2770 bone
588 2727 645 2771 rex
664 2729 672 2773 :
689 2727 710 2772 o
729 2713 855 2796 quanta
875 2703 1047 2772 Cithaeron
1098 2722 1101 2728 ·

157 2823 303 2908 Funera,
322 2822 583 2916 sanguineisque
602 2821 712 2911 vadis,
729 2825 878 2922 Ismene,
899 2823 1025 2892 rotabis
1037 2819 1060 2889 l-

156 2943 236 3026 llaec
256 2942 377 3035 pietas,
397 2942 466 3010 lraec
488 2946 610 3039 magna
629 2941 731 3013 tides!
750 2970 813 3014 nec
828 2945 968 3014 crimina
985 2946 1092 3039 gentis

155 3061 246 3130 Mira
264 3062 417 3158 equidem
436 3062 544 3148 duco;
563 3065 758 3159 sic'primus
777 3065 949 3161 sanguinis
970 3079 1100 3151 auctor,
1198 3047 1200 3050 ⁵

156 3182 346 3276 Incestique
363 3189 500 3279 patrum
517 3183 675 3270 thalami,
694 3184 753 3254 sed
773 3184 859 3255 fallit
874 3188 989 3280 origo:
1040 3227 1042 3232 ·

154 3302 350 3397 OEdipodes
369 3317 405 3372 tu
422 3304 512 3373 solus
527 3305 593 3374 eris
614 3309 622 3372 ἐ
642 3305 712 3374 haec
731 3308 868 3400 praemia
885 3331 1019 3376 morum
1102 3345 1108 3358 ·

153 3428 205 3501 Ac
226 3421 377 3511 sceleris,
396 3422 665 3514 violentepferes
684 3429 957 3522 :nosposcir'nus
973 3452 1110 3498 annum.
1137 3465 1140 3482 ι

153 3543 223 3614 Sed
239 3568 391 3614 moror.»
414 3549 493 3614 Haec
510 3546 627 3615 andan
640 3549 824 3616 etiamnum
845 3550 880 3618 in
901 3545 1017 3617 limine
1038 3564 1129 3617 retro

151 3663 369 3753 vociferans,
385 3666 457 3761 jam
478 3681 559 3736 tunc
579 3665 724 3762 impulsa
742 3692 802 3761 per
819 3668 951 3764 agmina
971 3692 1133 3764 praeceps,
1160 3713 1162 3722 x

149 3783 282 3858 Evolat
302 3789 430 3859 OEneae
451 3787 569 3857 vindex
592 3789 639 3856 sic
654 3786 710 3856 ille
727 3789 843 3858 Dianae
944 3859 953 3870 ,

149 3911 293 3980 Erectus
313 3881 406 3996 selis,
425 3924 459 3977 et
477 3908 615 3977 aduncae
632 3905 773 3978 fulmine
785 3908 897 4000 male,

148 4031 266 4117 Quum
287 4043 457 4126 premeret
476 4027 801 4125 Pelopeaphalanx,
822 4038 899 4102 saxa
925 4034 1034 4104 obvia·
1048 4034 1202 4124 volvens,

147 4153 334 4246 Fractaque
354 4149 512 4246 perfossis
530 4151 665 4223 arbusta
683 4151 846 4224 Acheloia
860 4155 960 4250 ripis,

139 4276 144 4284 '
295 4297 317 4342 ι.
1003 4281 1044 4361 14
