3192 5148
186 442 217 496 (v.
230 442 257 494 ι.)
530 431 725 486 suvauuu
746 432 856 488 LIBER
878 433 899 486 Ι.
1226 449 1241 498 7

1008 555 1243 578 “VWWUWUMWU

685 897 732 982 ΙΙ

215 1187 565 1256 EPITHALAMION
591 1187 774 1256 STELLAE
798 1187 854 1254 ET
878 1185 1214 1256 VIOLANTILLAE.

650 1565 796 1584 ..man—u·-

236 1873 342 1938 Uuoa
360 1892 455 1936 sacro
474 1869 563 1938 Latii
583 1881 769 1936 sonuerunt
786 1867 935 1936 carmine
955 1865 1112 1936 montes?

188 1991 274 2078 Cui,
293 1994 415 2078 Paean,
436 2013 524 2060 nove
543 1987 670 2084 plectra
689 2014 825 2076 moves,
846 1989 1055 2084 humeroque
1072 1990 1218 2058 comanti

187 2110 384 2180 Facundum
406 2108 580 2205 suspendis
596 2109 704 2178 ebur?
721 2107 844 2180 Procul
864 2135 940 2180 ecce
958 2135 1084 2180 canoro

188 2233 390 2326 Demigrant
406 2229 567 2299 Helicone
585 2229 670 2317 deae,
689 2232 912 2325 quatiuntque
930 2255 1061 2300 novena

188 2351 361 2446 lampade
378 2348 562 2420 solemnem
581 2349 735 2420 thalamis
754 2350 953 2420 coeuntibus
969 2352 1096 2448 ignem,

188 2475 231 2542 Et
246 2471 288 2540 de
307 2473 423 2540 Pieriis
443 2469 593 2540 vocalem
613 2471 763 2539 fontibus
782 2470 918 2540 undam.

188 2592 284 2681 Quas
303 2592 391 2659 inter
406 2588 503 2659 vultu
524 2589 678 2684 petulans
697 2590 814 2686 Elegia
833 2593 1059 2686 propinquat,

189 2709 319 2781 Celsior
338 2724 486 2797 assuet03
503 2709 665 2814 divasque
683 2713 849 2798 hortatur,
871 2727 904 2780 et
922 2712 1028 2780 ambit

189 2831 370 2902 Alternum
390 2832 518 2901 factura
539 2831 681 2923 pedem,
702 2831 933 2924 decimamque
949 2831 1056 2901 videri

189 2955 232 3022 Se
251 2954 360 3047 cupit,
377 2966 409 3021 et
427 2951 553 3021 medias
572 2949 657 3019 fallit
676 2952 842 3045 permixta
860 2975 1001 3022 sorores.

236 3076 313 3167 Ipsa
331 3097 434 3141 manu
451 3085 593 3166 nuptam
610 3074 753 3166 genitrix
771 3073 888 3142 AEucia
905 3072 999 3143 ducit

188 3195 335 3262 Lumina
351 3192 541 3280 demissam,
559 3204 594 3261 et
611 3191 701 3262 dulci
717 3193 885 3288 probitate
901 3194 1078 3263 rubentem
1097 3220 1106 3262 :

188 3315 267 3407 Ipsa
284 3326 394 3399 toros,
412 3328 445 3381 et
461 3338 554 3404 §acra
570 3327 683 3407 parat3
699 3314 879 3407 cinctuque
896 3315 1020 3382 Latino

188 3431 406 3502 Dissimulate
423 3432 535 3520 deam,
550 3435 679 3503 crinem
697 3433 896 3528 vultumque
912 3459 1079 3529 genuaque

188 3555 383 3646 Temperat,
395 3568 500 3647 atque
515 3577 605 3623 nova
622 3557 721 3650 gestit
737 3557 850 3625 minor
865 3557 914 3624 ire
930 3557 1060 3625 marita.

188 3675 302 3743 Nosco
318 3672 407 3741 diem
424 3697 606 3768 causasque
621 3675 705 3746 sacri
723 3701 731 3743 z
750 3690 783 3744 te
798 3677 948 3745 concinit
964 3677 1026 3745 iste

190 3792 323 3887 (Pande
340 3791 466 3896 torosi)
486 3808 534 3882 te,
556 3793 673 3884 Stella,
692 3793 814 3865 chorus
832 3821 840 3864 ε
858 3797 918 3864 tibi
934 3795 1080 3866 Phoebus
1097 3811 1130 3867 et
1149 3801 1243 3867 Euan

188 3915 232 3981 Et
249 3911 290 3982 de
306 3913 462 3983 Maenalia
476 3913 614 3985 volucer
630 3917 824 4012 Tegeaticus
838 3913 962 4002 umbra

189 4005 284 4101 Sffla
299 4031 411 4102 ferunt
428 4060 436 4103 ε
459 4059 521 4104 nec
536 4032 680 4105 blandus
697 4039 813 4126 Amor,
830 4061 892 4108 uec
907 4037 1027 4106 Gratia
1044 4051 1150 4107 cessat
