3156 5138
383 503 438 540 ιω
724 483 754 540 r.
776 483 900 540 rnnnn
921 482 1046 540 srarn
1310 482 1425 546 ‹nna›

419 601 425 608 ⁸
480 607 534 679 Nil
552 610 662 678 obstat
677 607 828 702 cupidis,
849 608 932 678 nihil
948 623 1109 678 moratur.

476 729 539 797 Sed
555 751 655 822 quam
671 727 737 797 line
755 729 817 798 vie
833 730 977 798 recentis
995 729 1079 812 imo,

475 849 554 937 Qua
571 861 735 916 monstrat
750 861 879 918 veteres
896 846 1018 942 Apollo
1035 851 1178 934 Cumas,

478 967 596 1040 Albam
612 967 782 1054 crinibus,
801 966 982 1060 infulisque
998 965 1125 1048 cerno?

478 1087 559 1156 Visu
575 1085 744 1156 fallimur?
759 1111 803 1159 an
820 1088 920 1156 sacris
936 1088 978 1156 ab
994 1090 1100 1157 antris
1155 1163 1164 1174 ,

476 1205 608 1277 Profert
623 1205 831 1277 Chalcidicas
846 1207 972 1301 Sibylla
991 1207 1129 1278 laurus?

479 1303 666 1414 Cedamus}
683 1325 796 1420 chely,
810 1329 881 1420 jam
899 1352 1024 1422 repone
1040 1317 1178 1415 cantus,

388 1529 389 1532 Ἴ
478 1447 581 1515 Vates
594 1447 741 1514 sanctior
755 1447 888 1540 incipi13
904 1447 1088 1538 tacendum¹
1097 1463 1157 1516 est.
1271 1507 1272 1510 ,

479 1562 549 1635 En!
571 1581 606 1634 et
621 1564 706 1635 colla
723 1580 831 1652 rotat,
851 1569 1012 1662 novisque
1028 1568 1094 1638 late

479 1685 666 1754 Bacchatur
684 1688 819 1779 spatiis,
837 1688 993 1781 viamque
1010 1689 1127 1784 replet.

481 1807 577 1872 Tunc
589 1806 636 1874 sic
651 1806 803 1900 virgineo
818 1805 972 1898 profatur
988 1833 1047 1877 ore
1062 1836 1069 1876 :

535 1953 551 1986 a
563 1925 744 2013 Dicebam,
764 1927 877 1995 veniet
896 1926 1051 2022 (manete
1070 1931 1179 2024 campi

481 2048 590 2138 Atque
605 2044 746 2140 amnis),
764 2047 894 2133 veniet,
916 2046 1047 2117 favente
1063 2047 1165 2136 ooelo,

483 2165 555 2253 Qui
569 2163 695 2236 foedum
711 2189 830 2236 nemus
845 2175 878 2234 et
893 2179 1007 2259 putres
1022 2191 1139 2236 arenas
1177 2227 1179 2232 ,

483 2285 587 2357 Celsis
606 2287 784 2381 pontibus,
802 2301 837 2355 et
854 2287 908 2354 ria
923 2285 1055 2356 levabit.

484 2403 555 2477 En!
570 2407 626 2475 bic
640 2420 691 2475 est
706 2409 818 2491 Deus3
834 2407 924 2476 hunc
937 2407 1035 2501 jubet
1049 2408 1156 2476 beatis
1260 2443 1261 2446 ¹

483 2529 550 2594 Pro
568 2549 603 2594 se
617 2529 636 2595 J
638 2527 772 2620 uppiter
787 2529 952 2622 imperare
970 2529 1068 2596 terris
1083 2553 1092 2594 :

484 2645 564 2733 Quo
579 2667 647 2713 non
661 2644 795 2740 dignior
807 2647 867 2716 bas
881 2645 973 2716 subla
988 2627 1136 2716 habenas

481 2769 532 2835 Ex
548 2789 635 2858 quo,
653 2789 707 2840 me
723 2765 827 2854 dilce,
845 2768 998 2861 praescios
1016 2769 1142 2852 Averni

484 2887 604 2970 AEneas
618 2884 715 2956 avide
730 2885 843 2957 futura
857 2911 1029 2981 quaerens.
1077 2893 1079 2900 ‘

485 3008 596 3074 Lucos
613 3018 647 3073 et
664 3008 870 3100 penetravit,
891 3023 925 3078 et
941 3007 1089 3101 reliquit.

486 3125 550 3193 Hic
565 3126 638 3218 paci
653 3124 783 3213 bonus,
797 3127 857 3196 bic
875 3127 1043 3198 timendus
1058 3130 1179 3216 armis,

489 3245 620 3316 Natura
637 3244 772 3333 melior,
789 3248 1024 3341 potentiorqne
1042 3275 1050 3316 :

487 3365 551 3433 Hic
568 3365 595 3434 si
615 3363 829 3457 flammiferos
848 3379 975 3438 teneret
992 3391 1088 3456 axes,

489 3485 627 3578 Largis,
647 3484 764 3578 india,
783 3485 927 3556 nubibus
940 3486 1111 3574 madores,
1569 3517 1570 3538 ³

488 3603 642 3672 Undaret
658 3605 783 3699 Libye,
802 3619 930 3700 teperet
943 3609 1069 3676 AEmus:

536 3753 554 3787 a
569 3723 686 3811 Salve,
703 3726 771 3795 dux
787 3707 984 3816 hominnm,
1007 3743 1040 3797 et
1056 3754 1177 3824 parens
1196 3733 1365 3815 Deorum,
1569 3737 1570 3824 i

490 3847 670 3914 previsum
689 3847 794 3932 mihi,
811 3849 1051 3943 cognitumque
1066 3841 1201 3918 numen.

491 3967 563 4036 Nec
576 3966 651 4058 jam
662 3967 816 4059 putri-bus
831 3966 965 4038 evoluta
981 3971 1104 4041 chartis

493 4083 639 4154 Solemni
654 4109 750 4179 prece
767 4086 971 4175 Quindecim
988 4092 1137 4160 virorum
