3200 5142
426 501 480 564 ¹71⁸
746 495 962 552 THEBAJDOS
983 495 1100 554 LIBER
1122 495 1144 550 l.
1360 495 1391 558 (r.
1405 497 1471 558 rab)

423 615 520 711 Sola,
539 623 653 692 necin
671 643 784 714 regem
804 619 1028 714 perduratura
1050 617 1251 690 secundum.

473 747 518 813 Et
536 741 687 812 nondum
703 765 814 810 crasso
832 739 1001 834 laquearia
1018 739 1108 812 fulva
1127 738 1286 824 metallo,

424 864 598 936 Montibus
614 875 674 931 aut
691 859 758 930 alte
778 862 889 931 Graiis
908 859 1026 933 effulta
1047 862 1199 934 nitebant

423 985 536 1071 Atria,
556 996 731 1078 congestos
749 982 830 1050 satis
847 979 1047 1076 explicitura
1064 981 1211 1054 clientes.

424 1107 503 1175 Non
523 1105 695 1199 impacatis
709 1127 829 1196 regum
850 1101 1065 1198 advigilantia
1083 1107 1207 1176 somnis

424 1223 515 1314 Pila,
533 1249 596 1294 nec
615 1222 743 1292 alterna
759 1221 838 1292 sarri
856 1224 999 1294 statione
1016 1240 1182 1320 gementes

423 1346 595 1432 Exoubiae,
616 1367 678 1414 nec
697 1367 779 1414 cura
794 1367 889 1412 mero
906 1345 1114 1416 committere
1135 1370 1299 1440 gemmas,

425 1471 536 1560 Atque
554 1489 675 1536 aurum
692 1462 818 1534 violare
835 1465 928 1534 cibis.
950 1464 1016 1536 Sed
1034 1465 1125 1536 nuda
1141 1483 1288 1563 potestas

425 1589 575 1660 Amuavit
590 1585 710 1656 fratres
725 1612 733 1655 :
748 1593 864 1681 pugna
876 1599 928 1656 est
945 1586 986 1656 de
1001 1610 1149 1681 paupere
1166 1613 1281 1683 regno.
1425 1629 1427 1640 ι

424 1712 581 1801 Dumque
600 1721 675 1775 uter
692 1721 841 1801 angustat
860 1705 1047 1800 squalentia
1061 1708 1179 1802 jugera
1195 1710 1313 1778 Dirces
1425 1710 1450 1718 ⁹

424 1831 600 1915 Verterat,
616 1842 677 1896 aut
690 1828 782 1920 Tyrii
798 1825 882 1896 solio
898 1852 967 1896 non
982 1825 1070 1896 altus
1089 1841 1206 1898 ovaret

425 1947 575 2038 Exsulis,
594 1948 790 2042 ambigitur,
810 1948 909 2040 periit
922 1948 998 2040 jus,
1017 1947 1152 2040 fasque,
1168 1949 1379 2043 bonumque,

425 2074 468 2140 Et
482 2072 575 2157 vitae,
592 2070 776 2162 mortisque
794 2066 1010 2164 pudor.qu
1027 2067 1161 2140 tenditis
1176 2068 1262 2138 iras?
1383 2133 1388 2145 ,

426 2193 480 2262 Ab
501 2185 627 2259 miseril
645 2187 727 2283 quid
741 2189 771 2256 si
790 2201 960 2282 peteretur
975 2189 1114 2258 crimina
1128 2203 1222 2260 tanto

426 2315 535 2382 Limes
551 2325 693 2402 uterque
711 2305 803 2403 poli,
822 2329 923 2401 quem
939 2306 996 2377 Sol
1010 2310 1148 2379 emissus
1164 2315 1235 2381 Eoo

344 2489 346 2496 t
425 2431 589 2518 Cardine,
606 2452 707 2522 quem
722 2443 821 2521 porta
836 2450 977 2522 vergens
997 2445 1188 2524 prospectat
1206 2433 1326 2502 lbera?
1370 2459 1377 2468 ·

425 2556 587 2646 Quasque
602 2546 723 2645 procul
742 2563 846 2616 terras
864 2544 1002 2640 obliquo
1017 2547 1123 2620 sidere
1142 2553 1248 2647 tangit

425 2675 544 2760 Arius,
562 2683 621 2739 aut
636 2669 744 2741 Borea
763 2664 907 2762 gelidas,
921 2668 1086 2740 madidive
1104 2685 1253 2765 tepentes

427 2799 508 2889 Igne
526 2789 631 2863 Noti?
647 2787 741 2879 Quid
762 2789 789 2856 si
808 2788 916 2882 Tyriae
932 2787 1127 2884 Phrygiove
1142 2791 1204 2862 sub
1221 2815 1328 2862 unum

427 2918 677 2986 Conveetentur
693 2908 796 3004 opes?
815 2907 889 2978 loca
907 2907 1002 2999 dira,
1021 2935 1180 3005 arcesque
1197 2913 1349 2984 nefanda

426 3033 595 3103 Suffecere
610 3030 709 3119 odio,
725 3020 888 3122 furiisque
904 3031 1106 3102 immanibus
1121 3048 1272 3128 emptum
1289 3051 1339 3104 est

425 3151 612 3247 OEdipodae
632 3149 754 3220 sedisse
773 3148 858 3218 loco.
873 3151 948 3218 Jam
962 3166 1052 3222 sorte
1068 3153 1201 3224 carebat

426 3273 557 3344 Dilatus
570 3270 737 3366 'Polynicis
752 3269 869 3340 honos.
887 3272 1064 3360 Quietum
1080 3273 1160 3362 tibi,
1176 3297 1275 3362 sere,

403 3371 409 3386 ’
424 3395 510 3486 Quis
526 3393 591 3462 luit
609 3389 666 3460 ille
682 3389 778 3460 dies?
800 3415 904 3461 vacua
923 3415 1028 3484 quum
1046 3391 1137 3462 solus
1154 3394 1190 3462 in
1206 3393 1283 3464 aula

425 3515 619 3610 Respiceres
633 3513 689 3606 jus
709 3537 809 3582 omne
829 3527 947 3602 tuum,
968 3526 1172 3607 cunctosque
1189 3516 1354 3603 minores,

426 3639 468 3704 Et
488 3657 654 3727 nusquam
672 3647 838 3728 perstare
857 3632 983 3728 caput?
1002 3637 1076 3704 Jam
1093 3659 1268 3706 murmura
1281 3653 1422 3732 serpunt

425 3753 534 3824 Plebis
552 3753 740 3842 Echioniae,
760 3754 966 3845 tacitumque
986 3775 1005 3822 a
1025 3754 1177 3849 principe
1197 3753 1319 3851 vulgus

424 3871 591 3956 Dissidet3
610 3887 663 3962 et,
679 3874 738 3966 qui
757 3895 831 3942 mos
851 3871 1000 3967 populis,
1018 3887 1181 3944 venturus
1199 3891 1341 3946 amatur.

473 3999 582 4088 Atque
602 3990 743 4086 aliquis,
760 3995 816 4062 cui
835 4017 928 4064 meus
944 3993 1066 4066 humili
1086 3993 1205 4064 laesisse
1221 4019 1353 4067 veneno

426 4119 578 4203 Summa,
595 4137 657 4182 uec
670 4113 843 4208 impositos
864 4139 1014 4208 uuquam
1030 4117 1157 4186 cervice
1176 4093 1302 4186 volenti
