3192 5148
163 508 248 563 (tta)
510 504 703 560 StLvsltUM
723 507 833 562 LIBER
854 509 875 564 l.

262 630 337 695 Jam
355 651 390 695 se
409 627 576 722 (quisquis
595 629 622 696 is
644 626 712 720 est)
733 630 848 724 inops,
867 631 983 702 bratus

261 746 450 815 Convivam
468 745 563 814 ducis
582 771 659 816 esse
670 746 843 843 gloriatur.

312 871 382 936 Hos
404 868 492 946 inter
512 867 679 958 fremitus,
700 893 872 964 novosque
891 871 1004 962 luxus,

262 985 441 1081 Spectandi
462 985 544 1056 levis
563 987 681 1084 effugit
700 986 865 1085 uoluptas.

261 1108 333 1174 Stat
351 1131 449 1175 sexus
468 1106 786 1202 rudis,-insoiusque
800 1110 894 1197 ferri,

260 1231 303 1295 Et
321 1251 452 1320 pugnas
471 1228 562 1320 capit
582 1227 756 1322 improbus
776 1227 898 1300 viriles

260 1345 386 1414 Credas
402 1345 449 1414 ad
468 1347 624 1434 Tanaim,
645 1346 821 1441 ferumque
840 1348 979 1438 Phasin,

256 1465 576 1534 Thermodontiaeas
596 1465 704 1536 calere
723 1481 860 1538 turmas.

307 1586 369 1654 Hic
387 1585 496 1654 audax
515 1585 605 1654 subit
624 1585 709 1656 ordo
729 1585 957 1682 pumilonum,

255 1707 350 1794 Quos
370 1706 500 1775 Natura
517 1706 611 1776 brevi
631 1719 719 1776 statu
740 1720 892 1802 peractos
956 1709 958 1714 ’

256 1824 430 1895 Nodosum
450 1822 552 1894 semel
571 1825 605 1893 in
627 1823 765 1920 globum
786 1824 912 1922 ligarit

259 1944 375 2013 Edunt
393 1943 554 2031 vulnera,
575 1961 824 2040 conseruntque
840 1947 988 2036 dextras,

258 2068 301 2133 Et
320 2078 463 2134 mortem
483 2064 544 2132 sibi
564 2063 649 2159 (qua
669 2063 807 2160 manul)
826 2068 1008 2138 minantur.

256 2185 357 2254 Ridet
378 2187 470 2253 Mars
490 2199 596 2277 pater,
615 2198 806 2254 elementa
827 2187 944 2258 Virtus
965 2214 974 2256 ε

257 2308 457 2397 Casuraeque
476 2305 570 2398 vagis
587 2327 687 2398 grues
705 2305 847 2399 rapinis,

255 2426 427 2493 Mirantur
445 2421 591 2518 pumilos
607 2424 800 2494 ferociores.

302 2549 377 2614 Jam
397 2544 504 2613 noetis
526 2544 738 2638 propioribus
758 2545 819 2614 sub
839 2545 967 2616 umbris

256 2666 358 2735 Dives
378 2664 504 2760 sparsio
520 2688 609 2757 ¹quos
627 2665 696 2758 agit
718 2663 900 2734 tumultus!

259 2788 333 2854 Huc
351 2785 480 2853 intrant
499 2781 611 2852 faciles
630 2784 696 2852 emi
718 2782 838 2877 puellae
858 2810 886 2852 ι.

257 2905 320 2972 Hic
339 2903 533 2998 agnoscitur¹
551 2927 651 2972 omne
671 2901 762 2997 quod
780 2903 918 2973 theatris

256 3029 327 3092 Aut
345 3022 452 3092 forma
473 3019 596 3117 placet,
617 3036 676 3092 aut
695 3023 857 3117 probatur
874 3036 956 3091 arte.

203 3227 207 3242 ι
256 3147 329 3212 Hoc
349 3137 515 3236 plaudunt
536 3167 636 3238 grege
651 3141 765 3236 Lydiae
784 3155 965 3228 tumentes,

255 3260 318 3331 Illo
336 3259 504 3356 cymbala,
522 3259 727 3354 tinnulaeque
744 3260 857 3330 Gades
878 3286 886 3328 :
966 3321 971 3328 .
996 3275 998 3280 ’

253 3380 327 3452 lllic
347 3383 482 3476 agmina
499 3381 713 3450 confremunt
732 3383 908 3478 Syrorum,
972 3451 973 3456 ,

254 3503 318 3571 Hic
337 3500 431 3596 plebs
450 3503 594 3588 scenica,
615 3513 754 3595 quaeque
773 3501 986 3569 comminutis

252 3625 426 3691 Permutat
443 3622 557 3690 vitreis
578 3618 712 3715 gregale
731 3615 847 3688 sulfur.
1006 3597 1012 3612 ‚

252 3745 346 3810 Inter
366 3765 455 3836 quar,
474 3741 585 3810 subito
606 3739 731 3812 cadunt
750 3737 864 3807 volatu

253 3865 428 3931 Immensae
446 3859 621 3930 volucrum
640 3883 700 3954 per
720 3875 809 3929 astra
827 3858 948 3945 nubes,

254 3984 349 4071 Quas
369 3979 466 4051 Nilus
484 4005 587 4068 sacer,
608 3978 831 4073 horridusque
849 3978 979 4063 Phasis,

253 4101 347 4190 Quas
367 4099 434 4168 udo
454 4099 609 4170 Numidae
628 4098 745 4194 legunt
763 4099 823 4168 sub
845 4102 979 4166 Austro.
