3172 5142
139 502 240 562 (aas.)
461 501 678 558 THEBMDOS
701 501 811 558 mnu
832 503 881 558 lx.
1134 499 1187 568 143

140 628 313 693 Procursu
332 621 534 719 fremituque
551 625 643 694 viros
662 651 669 693 τ
690 626 784 695 firror
803 625 958 695 omnibus
979 625 1065 694 idem

139 743 273 837 Tydeos
294 745 391 812 invisi
409 743 543 838 spoliis,
562 760 727 840 raptoque
744 748 865 839 potiri·

141 865 316 958 Corpore:
332 888 400 932 non
417 863 514 934 aliter
529 864 711 934 subtexunt
727 879 815 933 astra
831 879 969 935 catervae

142 985 349 1052 Incestarum
368 985 498 1071 anum,
517 983 615 1078 longe
631 985 751 1079 quibus
770 1007 852 1056 aura
872 999 1046 1054 nocentem

143 1107 249 1192 Aera,
266 1102 478 1198 desertasque
497 1103 573 1173 tulit
593 1107 664 1173 sine
683 1104 799 1175 funere
817 1117 962 1174 mortes:

143 1221 207 1292 llio
226 1223 329 1293 avidae
350 1249 427 1293 cum
445 1249 527 1294 voce
547 1239 665 1311 ruunt,
685 1240 783 1294 sonat
799 1225 925 1295 arduus
945 1223 1047 1295 aether

143 1342 335 1433 Plausibus,
354 1359 387 1412 et
405 1343 489 1413 coelo
507 1343 658 1414 volucres
675 1367 803 1414 cessere
823 1347 979 1416 minores.

193 1467 292 1532 Fama
312 1488 372 1558 per
387 1466 533 1534 Aonium
550 1464 668 1558 rapido
687 1489 771 1560 vaga
787 1489 958 1535 murmure
972 1469 1125 1560 campum

142 1585 320 1678 Spargitur
339 1586 373 1653 in
391 1599 536 1673 turmas,
556 1583 656 1653 solito
672 1586 841 1680 pernicior
858 1585 959 1654 index

142 1705 258 1791 Quum
274 1701 419 1798 lugenda
434 1702 553 1788 refert;
570 1703 677 1774 donec
696 1706 750 1776 cui
768 1707 912 1774 maxima
929 1703 1029 1773 fando

142 1827 276 1893 Damna
296 1825 403 1912 vehit,
420 1823 567 1918 trepidas
587 1823 680 1920 lapsa
698 1841 747 1896 est
767 1825 935 1921 Polynicis
953 1824 996 1894 ad
1016 1847 1123 1898 eures.

141 1945 291 2038 Diriguit
304 1945 455 2037 juvenis,
474 1943 694 2040 lacrymaeque
710 1946 833 2022 haesere
850 1961 994 2040 paratae,

142 2065 187 2132 Et
204 2079 358 2134 cunctata
378 2065 460 2134 fides
478 2091 487 2134 s
507 2067 648 2135 nimium
669 2089 747 2134 nam
764 2067 897 2160 cognita
916 2066 1021 2134 virtus

142 2182 286 2252 OEnidae
306 2184 396 2253 credi
414 2183 518 2252 letum
536 2184 717 2278 suadetque
737 2199 901 2278 vetatque.

140 2304 208 2373 Sed
229 2319 405 2399 postquam
420 2304 631 2403 hauddubie
649 2303 760 2376 clades
777 2319 913 2374 auctore
928 2319 1143 2400 reportasset,

140 2425 220 2494 Nox
235 2423 370 2513 oculos,
388 2435 601 2519 mentemque
617 2427 703 2520 rapit
720 2453 727 2494 :
742 2439 814 2494 tum
832 2427 992 2520 sanguine
1006 2425 1073 2494 fixo

139 2544 296 2612 Membra
314 2544 429 2630 simul,
448 2543 547 2614 simul
564 2569 656 2614 arma
675 2559 805 2614 ruunt:
822 2544 933 2614 madet
954 2544 1061 2614 ardun
1079 2544 1159 2614 fletu

138 2665 214 2731 Jam
235 2662 346 2759 galea,
367 2679 467 2758 atque
486 2689 591 2734 ocreae
607 2664 761 2759 clypeum
780 2689 938 2760 excepere
958 2663 1141 2736 cadentem.
1261 2707 1262 2715 κ

143 2785 173 2848 [t
191 2797 326 2851 moestus
347 2805 455 2878 genua
477 2807 566 2878 aegra
584 2785 734 2870 mallens,
757 2784 954 2878 hastamque
973 2799 1181 2877 sequentem,

141 2901 345 2972 Vulneribus
364 2925 424 2972 ceu
443 2901 533 2972 mille
550 2905 682 2997 grans,
702 2917 856 2996 totosque
871 2927 931 2996 per
948 2918 1041 2972 artus

139 3024 299 3091 Saucius:
316 3024 477 3092 assistunt
494 3024 593 3111 socii,
612 3035 865 3117 monstrantque
876 3037 1059 3117 gementes.

138 3143 288 3212 Tandem
308 3141 364 3212 ille
381 3142 533 3236 abjectis,
552 3143 609 3211 vix
626 3165 701 3234 quae
720 3155 926 3236 portaverat,
947 3143 1064 3229 armis,

139 3266 261 3336 Nudus
281 3269 315 3336 in
332 3261 455 3361 egregii
476 3285 618 3334 vacuum
633 3262 704 3354 jam
723 3285 845 3356 corpus
864 3262 964 3329 amici

139 3385 303 3474 Procidit,
325 3402 358 3454 et
374 3385 433 3454 tali
450 3385 610 3480 lacrymas
627 3411 705 3455 cum
728 3405 809 3450 voce
827 3366 996 3474 profudit:

191 3535 208 3568 α
220 3509 332 3576 Hasne
352 3506 431 3595 tibi,
452 3531 622 3575 armorum
638 3530 711 3600 spes
732 3531 754 3574 o
770 3524 927 3597 suprema
941 3523 1108 3588 meorum,

139 3625 290 3712 OEnide,
306 3625 443 3719 grates?
460 3627 529 3696 haec
545 3627 682 3720 praemia
701 3623 802 3719 digna
819 3617 983 3719 rependi?

140 3743 259 3815 Nudus
277 3759 315 3813 nt
333 3745 439 3814 invisa
456 3742 575 3815 Cadmi
596 3743 716 3813 teiiure
731 3745 858 3836 jaceres

140 3866 271 3958 Sospite
291 3863 365 3932 me?
385 3889 474 3934 nunc
494 3863 587 3934 exsul
606 3887 669 3959 ego
686 3872 914 3956 aeternumque
932 3840 1082 3957 fugatus,

139 3984 286 4072 Quando
299 3981 390 4100 salius
406 3987 545 4073 misero,
564 4008 603 4052 ac
620 3979 739 4052 melior
757 3982 840 4050 mihi
858 3981 962 4050 frater
979 3981 1144 4054 aderntus.

139 4103 211 4172 Nec
228 4104 298 4196 jam
318 4105 454 4172 sortitus
472 4118 618 4191 veteres,
637 4103 798 4196 regnique
819 4101 969 4171 nocentis
