3094 5140
389 473 444 552 16b
696 495 909 552 aasauoos
929 493 1038 551 aman
1060 495 1110 550 1x.
1258 569 1260 574 ¹
1312 513 1351 572 c.
1370 511 1446 574 ⁵³⁵.)

385 618 481 689 lllam
501 633 674 688 nutantem
692 644 830 706 nemus,
849 632 882 686 et
898 643 1001 720 mons
1013 620 1084 712 ipse
1103 619 1282 704 tremiscit,

384 740 461 828 Qua
479 737 598 808 tellure
616 738 733 828 cadat,
754 763 837 833 quas
854 739 978 808 obruat
995 737 1115 807 ordine
1136 737 1246 806 silvas.

433 863 512 930 Nou
530 851 640 928 tamen
660 874 718 928 aut
735 883 867 946 ensem,
886 856 1055 954 galeamve
1075 855 1215 926 audacia
1233 857 1400 950 cuiquam

383 983 533 1073 Tangere
551 1005 559 1047 ι
577 980 632 1047 vix
652 976 794 1047 credunt
812 975 939 1065 oculis,
960 977 1178 1072 ingentiaque
1196 976 1338 1045 horrent

387 1103 536 1186 Funera,
556 1115 589 1167 et
604 1098 771 1167 adstrictis
787 1097 952 1168 accedunt
969 1097 1122 1166 cominus
1141 1096 1253 1166 armis.

383 1216 535 1288 Tandem
556 1217 639 1286 adiit
655 1220 828 1312 Hypseus,
845 1216 1070 1311 capulumque
1091 1217 1127 1283 in
1143 1229 1249 1283 morte
1267 1217 1401 1282 tenenti

385 1339 557 1426 Extrahit,
575 1353 608 1406 et
625 1353 738 1406 torvos
757 1336 881 1405 laxavit
898 1335 1025 1405 casside
1045 1333 1176 1404 vultus:

384 1460 482 1550 Itque
500 1482 560 1551 per
577 1457 703 1526 Aonios
724 1454 791 1524 alte
811 1479 972 1526 mucrone
991 1480 1130 1526 corusco

384 1579 586 1669 Suspensam
601 1589 770 1644 ostentans
787 1572 936 1668 galeam,
957 1588 990 1642 et
1010 1573 1156 1643 clamore
1176 1574 1346 1667 superbit:

385 1697 479 1764 «Hic
497 1695 587 1763 ferus
606 1677 842 1788 Hippomedon
864 1719 872 1761 ι
892 1693 948 1761 hic
969 1692 1188 1762 formidabilis
1207 1690 1296 1762 ultor

384 1813 514 1907 Tydeos
534 1812 679 1900 infandi,
699 1811 952 1906 debellatorque
968 1815 1100 1882 cruenti

385 1935 575 2027 Gurgitis.»
593 1934 742 2026 Agnovit
759 1931 876 2027 louge,
895 1934 1083 2025 pressitque
1103 1930 1253 2000 dolorem

385 2052 622 2147 Magnanimos
640 2055 835 2145 Capaneus,
854 2050 1025 2144 telumque
1042 2053 1187 2120 immane
1203 2051 1326 2122 lacerto

385 2177 548 2242 Hortatur
566 2171 691 2240 librans
709 2197 716 2238 :
737 2170 853 2240 «Ades
872 2197 893 2239 o
912 2173 1015 2259 mihi,
1033 2170 1188 2261 dextera,
1208 2187 1338 2242 tannim

385 2296 437 2362 Tu
456 2316 598 2387 praesens
613 2289 727 2378 bellis,
745 2305 779 2359 et
800 2289 992 2360 inevitabile
1011 2315 1154 2379 numen,

385 2415 433 2480 Te
449 2436 551 2499 voco,
572 2425 604 2480 te
622 2408 728 2478 solam
748 2412 915 2503 Superum
933 2425 1122 2480 contemtor
1141 2411 1256 2480 adoro.
1271 2440 1288 2474 a

435 2532 490 2600 Sic
508 2532 570 2614 ait,
592 2543 624 2599 et
643 2531 713 2598 voti
734 2553 802 2598 sese
822 2529 902 2598 facit
922 2531 991 2623 ipse
1010 2537 1190 2623 potentem.

386 2653 416 2718 It
434 2648 653 2718 tremebunda
672 2649 761 2718 abies
781 2647 932 2742 clypeum
953 2673 1013 2743 per
1031 2665 1065 2718 et
1084 2675 1168 2720 area
1187 2665 1279 2747 terga

385 2771 530 2856 Loricae,
550 2767 751 2862 tandemque
769 2770 916 2837 animam
936 2769 998 2839 sub
1018 2785 1154 2864 pectore
1174 2796 1298 2866 magno

386 2887 597 2983 Deprendit:
616 2890 685 2956 ruit
702 2887 792 2957 haud
813 2886 879 2956 alio
897 2913 998 2981 quam
1013 2888 1098 2959 celsa
1120 2891 1252 2985 fragore

387 3009 520 3094 Turris,
542 3009 599 3076 ubi
620 3008 814 3076 innumeros
830 3009 961 3100 penitus
978 3025 1131 3102 quassata
1148 3035 1211 3104 per
1228 3011 1312 3080 ictus

387 3129 537 3216 Labitur,
556 3126 793 3220 effractamque
810 3129 918 3220 aperit
936 3129 1116 3198 victoribus
1135 3130 1262 3199 urbem.

386 3249 450 3317 Cui
474 3270 573 3341 super
594 3247 762 3332 assistens,
783 3247 890 3315 «Non
910 3245 1092 3315 infitiamur
1114 3248 1273 3316 honorem

387 3369 525 3452 Mortis,
545 3367 593 3437 ait
612 3392 620 3433 ε
639 3366 725 3434 celer
745 3366 811 3433 huc
831 3362 963 3452 oculos,
985 3391 1047 3460 ego
1066 3365 1212 3435 vulneris
1227 3381 1354 3437 auctor.

389 3491 496 3556 latus
517 3487 591 3574 abi,
612 3484 819 3578 multumque
837 3483 908 3553 aliis
923 3487 1103 3578 jactantior
1121 3487 1285 3558 umbris.»

386 3611 481 3675 Tunc
501 3631 633 3692 ensem,
655 3603 849 3699 galeamque
864 3607 970 3699 rapit,
990 3604 1209 3699 clypeumque
1227 3604 1356 3677 revellit

387 3727 510 3820 Ipsius,
530 3725 781 3817 exanimemque
801 3739 917 3793 tenens
938 3749 1037 3818 super
1055 3726 1342 3820 Hippomedonta,

387 3847 555 3938 «Accipe,
576 3845 638 3932 ait,
657 3843 756 3912 simul
776 3843 930 3930 hostiles,
950 3844 1017 3914 dux
1036 3871 1175 3940 magne,
1195 3861 1335 3940 tuasque
1545 3825 1546 3830 ἵ

263 3965 270 3972 ’
361 4058 364 4066 ‚
386 3967 558 4034 Exuvias:
580 3966 689 4034 veniet
707 3967 808 4064 cineri
825 3965 942 4048 decus,
966 3981 999 4033 et
1018 3991 1097 4035 suus
1119 3965 1203 4035 ordo

387 4085 544 4155 Manibus
565 4110 573 4152 ε
596 4086 722 4154 interea
737 4087 845 4178 justos
859 4087 945 4182 ,dum
964 4087 1133 4156 reddimus
1153 4087 1262 4182 ignes,
