3172 5142
387 465 390 476 .
448 431 503 469 roo
766 411 981 469 rnuettuos
1002 411 1117 470 LIBER
1131 413 1196 470 vn.
1395 417 1430 475 (ι.
1444 415 1504 460 assi

444 535 620 608 Naubolus
639 535 856 632 Hippasides,
875 552 973 624 tuus,
994 562 1016 606 o
1036 539 1209 608 mitissime
1228 541 1309 624 Lai,

444 661 594 753 Hospes;
614 656 725 727 adbuc
743 681 880 745 currus,
898 682 1085 752 securaque
1104 657 1179 728 lora
1200 661 1356 745 tenebat,

444 781 564 870 Quum
583 796 643 849 tua
663 778 779 848 subter
791 803 901 873 ¹equos
921 779 1030 872 jacuit
1046 777 1207 848 convulsa
1230 782 1384 849 cruentis

444 901 588 986 Ictibus,
608 926 629 968 o
649 902 777 968 utinam
799 914 915 968 nostro
933 925 1010 968 cum
1027 900 1208 994 sanguino,
1225 897 1357 968 cervix!
1373 932 1390 964 »ι

492 1023 644 1094 Dicentis
665 1020 823 1090 maduere
843 1045 950 1116 genae,
973 1019 1173 1114 vultumque
1193 995 1416 1114 peromnem

444 1142 560 1213 Pallor
579 1143 634 1230 iit,
656 1142 816 1236 vocisque
834 1165 954 1237 repens
975 1140 1143 1237 singultus
1161 1155 1316 1236 apertum

445 1263 628 1357 Intercepit
649 1265 714 1332 iter
732 1262 885 1332 :refovet
904 1262 1057 1358 frigentis
1074 1263 1221 1334 amicum

443 1389 566 1454 Pectus
586 1382 723 1453 alumna
735 1385 855 1453 senis:
877 1381 987 1472 redit,
1008 1399 1110 1478 atque
1125 1382 1211 1454 exile
1231 1383 1420 1479 profatur:

453 1597 457 1604 ,
495 1537 512 1571 ι(
524 1511 555 1575 O
573 1506 656 1575 mihi
675 1503 856 1582 sollicitum
872 1505 974 1574 decus
991 1530 1030 1574 ac
1046 1529 1200 1599 suprema
1220 1502 1405 1599 voluptas,

446 1622 630 1723 Antigone!
653 1649 742 1696 seras
762 1627 824 1696 tibi
844 1626 1002 1696 demoror
1018 1627 1192 1722 improbus
1212 1626 1373 1712 umbras,

447 1753 529 1818 Fors
546 1746 805 1819 eademscelera
824 1763 857 1816 et
875 1746 981 1816 caedes
1003 1747 1135 1816 visurus
1155 1748 1271 1816 avitas.

446 1873 564 1940 Donec
585 1885 617 1939 te
636 1868 792 1939 thalamis
811 1867 976 1953 habilem,
999 1869 1233 1962 integramque
1254 1869 1450 1962 resignem,
1560 1930 1561 1944 ἶ

447 1996 521 2063 lloc
543 1996 641 2081 satis,
659 2007 691 2061 et
712 1991 837 2063 sessum
856 1993 923 2058 vita
943 1989 1120 2072 dimittite,
1138 1993 1263 2058 Parcae.
1560 1956 1561 2026 l

499 2115 596 2185 «Sed
616 2113 696 2184 dum
716 2110 812 2182 labor
830 2113 934 2196 iners,
951 2111 1069 2204 quanti
1090 2135 1180 2180 nunc
1197 2135 1274 2180 cccc
1290 2113 1408 2180 reviso

448 2236 668 2307 Transabiere
684 2233 796 2302 (luces.
819 2230 977 2302 Clonium
998 2248 1099 2325 atque
1117 2235 1151 2300 in
1174 2247 1268 2327 terga
1283 2249 1463 2302 comantes

448 2360 528 2428 Non
546 2380 612 2451 ego
630 2352 853 2441 Abantiadas,
872 2367 1009 2437 acute,
1028 2378 1145 2422 saxosa
1162 2356 1322 2447 Caryste,

448 2481 527 2551 Non
549 2474 693 2546 humiles
710 2477 828 2569 AEgas,
850 2473 1023 2568 altumque
1039 2474 1215 2570 Capharea
1233 2473 1337 2548 dixi..

451 2603 493 2668 Et
507 2600 577 2693 jam
598 2598 685 2666 acies
705 2596 827 2664 obtusa
847 2611 965 2690 negat,
985 2598 1165 2689 cunctique
1185 2597 1350 2666 resistunt

447 2724 492 2790 Et
510 2734 588 2789 tuus
607 2719 744 2787 armatis
759 2715 855 2810 jubet
871 2741 947 2785 ecce
966 2714 1097 2785 silentia
1114 2717 1227 2785 frater.
1238 2747 1254 2780 u

498 2843 623 2911 Vixea
642 2853 734 2908 turre
753 2862 872 2926 senex,
889 2862 995 2932 quum
1011 2837 1133 2908 ductor
1150 2838 1192 2906 ab
1210 2863 1336 2933 aggere
1354 2843 1475 2934 coepit:

449 2993 466 3028 a
478 2961 688 3056 Magnanimi
706 2985 816 3054 reges,
837 2958 960 3052 quibus
974 2957 1065 3027 haud
1084 2983 1201 3053 parere
1219 2984 1374 3028 recusem

448 3087 592 3168 Ductor,
613 3095 647 3148 et
664 3083 734 3174 ipse
755 3105 846 3148 meas
859 3077 961 3148 miles
982 3077 1160 3149 defendere
1181 3079 1334 3168 Thebas,

449 3206 530 3275 Non
547 3226 611 3296 ego
630 3225 688 3268 vos
706 3197 878 3270 stimulare
896 3224 1010 3294 parem
1024 3199 1116 3296 (nam
1138 3199 1221 3268 liber
1240 3201 1275 3268 in
1295 3173 1393 3270 εἶπα

453 3327 619 3418 Impetus,
639 3335 673 3390 et
690 3321 826 3390 meritas
841 3320 931 3389 ult'ro
950 3322 1085 3414 jurastis
1105 3320 1268 3415 inires),

450 3445 521 3515 Nec
536 3442 677 3512 laudare
697 3443 794 3529 satis,
806 3441 1002 3536 dignasque
1021 3442 1204 3537 rependere
1222 3456 1336 3537 grates

452 3565 649 3634 Sufficiam:
666 3563 813 3633 referent
830 3563 971 3657 Superi,
990 3578 1173 3657 vestraeque
1191 3563 1333 3633 subacto

334 3779 336 3784 Ι
450 3691 555 3758 Hoste
573 3709 693 3753 manus
710 3711 718 3753 τ
734 3683 850 3752 urbem
872 3685 961 3752 socie
978 3683 1019 3753 de
1038 3697 1135 3780 gente
1151 3684 1287 3753 subistis

450 3809 584 3894 Tutari,
603 3831 705 3899 quam
725 3830 795 3875 non
817 3804 890 3874 aliis
909 3803 1090 3900 populator
1107 3805 1149 3874 ab
1168 3807 1236 3874 oris

453 3925 615 4021 belliger,
634 3939 813 3995 externave
831 3939 922 3994 satus
941 3924 1077 4015 tellure,
1094 3925 1151 3996 sed
1166 3926 1272 3997 hostis

453 4047 616 4143 Indigena
635 4046 792 4133 assultat,
810 4049 865 4115 cui
886 4061 994 4120 castra
1011 4046 1150 4118 adversa
1169 4050 1298 4142 regenti
