3200 5142
413 431 468 492 sta
734 421 950 484 manemus
971 419 1082 476 LIBER
1104 418 1127 472 1.
1347 413 1465 473 (caess

410 554 530 629 Evolat
546 579 555 624 ฮต
569 554 649 626 hinc
664 549 758 624 celsa
774 549 921 622 Iunonia
939 543 1063 640 templa
1079 547 1273 637 Prosymna

411 681 532 747 Larus
548 675 672 762 babet3
686 671 766 742 binc
782 667 949 742 Herculeo
967 668 1099 762 signata
1116 686 1242 759 vapore

411 795 541 868 Lernaei
557 809 675 890 stagna
691 807 766 862 atra
780 789 876 880 vadi5
898 787 1103 879 tandemque
1121 781 1259 856 reclusis

412 915 562 986 lnlertur
577 915 707 1009 portis:
724 925 876 982 acastum
893 910 983 1003 regia
1001 908 1110 978 cernit

413 1033 608 1106 Vestibula:
623 1033 678 1106 hic
695 1045 789 1102 artus
804 1031 903 1102 imbri
922 1043 1090 1132 ventoque
1106 1028 1254 1124 rigentes

413 1155 567 1249 Projicit,
586 1155 775 1249 ignotaque
794 1149 929 1220 acclinis
945 1150 1099 1246 postibus
1117 1146 1201 1218 aulae

413 1277 540 1348 Invitat
556 1289 674 1344 tenues
694 1272 738 1342 ad
756 1271 842 1342 dura
859 1267 985 1340 cubilia
1000 1294 1145 1337 somnos.

463 1399 536 1465 Rex
554 1393 599 1462 ibi
618 1389 806 1486 tranquillae
827 1388 938 1458 medio
957 1387 998 1458 de
1015 1387 1121 1458 limite
1139 1388 1215 1456 vitae

416 1519 458 1585 In
474 1515 604 1584 senium
622 1537 763 1607 vergens
781 1506 926 1606 populos
945 1506 1109 1580 Adrastus
1127 1507 1290 1592 lubebat,

417 1635 520 1705 Dives
539 1633 629 1718 avis,
646 1645 680 1698 et
695 1646 839 1723 utroque
858 1632 975 1698 lovem
996 1626 1038 1695 de
1054 1625 1217 1720 sanguine
1235 1623 1374 1698 ducens.
1468 1669 1470 1676 ,

418 1754 484 1821 llic
501 1775 597 1820 sexus
612 1747 759 1818 melioris
779 1749 896 1841 inops,
917 1746 975 1816 sed
996 1744 1091 1842 prole
1107 1745 1238 1813 virebat

418 1871 592 1958 Feminea,
609 1868 744 1964 gemino
763 1880 918 1938 natarum
936 1867 1076 1960 pignore
1093 1861 1207 1934 fultus

421 1991 486 2062 Cui
502 1989 648 2060 Phoebus
666 2011 804 2083 generos
824 1986 1031 2082 (monstrum
1048 1983 1214 2056 exitiabile
1231 1985 1343 2059 dictu!

421 2113 503 2180 Mox
522 2109 681 2204 adaperta
698 2105 794 2201 fides)
812 2131 883 2178 evo
901 2105 1042 2174 ducente
1061 2105 1201 2174 canebat

422 2231 675 2325 setigerumque
692 2251 804 2313 suem,
822 2239 856 2296 et
871 2222 1002 2294 bairum
1020 2225 1198 2296 adventare
1209 2221 1351 2296 leonem.

422 2362 501 2428 Haec
515 2356 671 2446 volvens,
689 2380 757 2428 non
775 2348 846 2445 ipse
866 2359 974 2447 pater,
988 2371 1057 2416 non
1077 2344 1176 2416 docte
1189 2346 1294 2416 flaturi

424 2477 626 2571 Amphiarae
642 2475 752 2564 vides,
770 2477 891 2545 etenim
908 2491 1000 2545 vetat
1019 2491 1137 2546 auctor
1157 2465 1290 2572 Apollo.

423 2598 572 2666 Tantum
592 2595 628 2664 in
647 2594 748 2666 corde
765 2594 881 2665 sedens
897 2596 1046 2690 aegrescit
1068 2619 1148 2664 cura
1166 2597 1332 2690 parentis.

473 2719 562 2786 Ecce
581 2728 694 2784 autern
710 2717 883 2810 antiquam
904 2715 973 2786 fato
995 2714 1167 2809 Calydona
1184 2713 1375 2808 relinquens

425 2831 567 2906 Olenius
586 2835 720 2931 Tydeus
738 2835 895 2933 (fraterni
913 2837 1083 2930 sanguinis
1104 2833 1200 2906 illrun
1352 2871 1358 2882 ยน

425 2956 589 3027 Conscius
607 2956 730 3028 horror
747 2954 838 3050 agit)
855 2954 970 3025 eadem
983 2956 1047 3026 sub
1065 2971 1164 3026 nocte
1182 2979 1305 3050 sopora

425 3073 550 3145 Lustra
568 3075 669 3164 terit,
687 3072 876 3168 similesque
895 3079 1006 3148 Notos
1026 3076 1203 3172 dequestus
1221 3093 1255 3148 et
1270 3077 1414 3162 imbres,

428 3192 579 3263 lnfusarn
597 3207 694 3290 tergo
711 3193 869 3290 glaciem,
887 3209 921 3264 et
940 3192 1103 3289 liquentia
1119 3199 1240 3268 nimbis

429 3317 521 3404 Ora,
538 3339 718 3410 comasque
739 3340 874 3412 gerens,
892 3316 984 3386 subit
1001 3342 1070 3388 uno
1088 3320 1252 3412 tegmine,
1269 3319 1367 3413 cujus

432 3438 542 3506 Fusus
559 3437 665 3508 humo
685 3435 794 3532 gelida
812 3451 943 3531 partem
959 3439 1053 3530 prior
1069 3437 1361 3533 hospeshabebat

428 3558 493 3627 Hic
511 3581 594 3627 vero
608 3557 772 3627 ambobus
790 3557 915 3626 rabiem
937 3556 1072 3628 fortuna
1092 3573 1266 3629 cruentam

428 3675 571 3765 Attulit3
587 3676 679 3746 haud
697 3678 784 3772 passi
805 3679 902 3746 sociis
920 3675 1096 3748 defendere
1117 3692 1248 3748 noctem

434 3795 667 3885 Culminibus3
684 3795 834 3892 paullum
854 3797 992 3868 alternis
1011 3800 1045 3868 in
1065 3799 1166 3868 verba
1183 3801 1357 3892 minasque

437 3920 674 3987 Cunctantur:
694 3941 773 3988 mox
792 3933 831 3986 ut
845 3918 945 4012 jactis
961 3920 1169 3992 sermonibus
1185 3920 1241 3988 irae

432 4039 632 4107 Intumuere
652 4037 748 4126 satis,
766 4052 936 4109 tumuere
953 4054 1082 4109 erectus
1099 4055 1240 4132 uterque
