3192 5148
379 457 416 514 ss
733 461 774 518 r.
796 461 920 518 runnu
940 461 1064 518 srsru
1336 441 1363 496 l'·
1378 441 1425 492 ¹⁸⁴

377 583 527 678 Casugct
547 580 656 654 luctus
670 582 685 652 i
700 586 804 680 gemit
820 585 909 655 inter
922 583 1010 655 bella
1025 599 1237 680 peremptum

376 703 520 772 Parthus
534 727 673 797 equum,
690 703 841 800 fidosque
860 695 958 774 canes
977 704 1099 774 flevere
1113 703 1269 792 Molossi,

376 823 420 892 Et
438 820 591 892 volucres
610 823 759 894 habuere
778 841 915 921 rogum,
935 849 1119 919 cervusque
1140 825 1302 894 Maronis.

424 941 519 1030 Quid
537 943 565 1010 si
584 967 646 1012 nec
665 942 836 1013 famulus?
854 943 923 1014 vidi
943 945 1013 1038 ipse
1033 945 1229 1039 animosque
1249 949 1364 1014 notavi

376 1063 424 1130 Te
445 1075 576 1132 tantum
598 1064 760 1158 capientis
781 1067 900 1134 herum
921 1063 1009 1134 :sed
1027 1065 1136 1159 major
1156 1066 1192 1134 in
1212 1089 1271 1134 ore

377 1182 541 1277 Spiritus,
561 1195 602 1251 et.
613 1195 729 1254 tenero
748 1183 916 1254 manifesti
932 1185 968 1253 in
984 1185 1147 1282 sanguine
1163 1210 1281 1256 mores.

378 1278 546 1398 Optircnt
567 1302 713 1373 multum
733 1305 865 1390 Graiae,
886 1317 1116 1400 cuperentque
1136 1307 1265 1376 Latinos

377 1423 431 1491 Sic
451 1425 618 1518 peperisse
634 1449 752 1494 nurus.
773 1426 852 1495 Non
874 1423 976 1494 talem
996 1427 1115 1495 Cressa
1135 1425 1317 1521 superbum

378 1541 508 1613 Callida
526 1543 668 1614 sollicito
684 1547 854 1615 revocavit
870 1545 999 1615 Theseo
1018 1544 1076 1614 filo
1094 1571 1101 1613 :

378 1664 450 1733 Nec
469 1665 564 1734 Paris
584 1663 746 1735 OEbalios
766 1663 840 1734 talis
861 1665 992 1735 visurus
1013 1689 1143 1734 amores

379 1784 535 1853 Rusticus
555 1783 680 1854 invisas
702 1784 823 1880 dejecit
844 1787 879 1854 in
899 1809 1034 1879 equora
1052 1787 1162 1880 pinus.

379 1905 459 1974 Non
480 1901 574 1991 fallo,
596 1918 654 1973 aut
674 1919 792 1973 cantus
813 1919 945 1974 assueta
965 1903 1100 1976 licentia
1120 1904 1214 1974 ducit
1234 1931 1242 1973 ε

378 2024 478 2112 Vidi,
495 2038 529 2093 et
549 2023 660 2094 adhuc
678 2024 792 2113 video,
811 2023 946 2118 qualem
961 2049 1024 2094 nec
1043 2023 1132 2093 bella
1147 2039 1321 2094 caventem

379 2145 495 2220 Litore
513 2143 665 2240 virgineo
684 2144 799 2214 Thetis
819 2142 1000 2214 occultavit
1020 2144 1184 2214 Achillem
1207 2171 1214 2213 :

379 2264 451 2333 Nec
471 2266 598 2336 circum
618 2261 899 2359 saevi'fugientem
918 2263 1040 2333 moenia
1059 2264 1195 2349 Phoehif

378 2384 517 2456 Troilon
537 2387 700 2456 AEmoniae
718 2385 897 2480 deprendit
916 2383 1032 2455 lancea
1049 2385 1184 2454 dextrae.

427 2505 547 2597 Qualis
568 2531 658 2595 eras,
677 2504 795 2600 procul
816 2503 897 2574 heu!
920 2506 1050 2576 cunctis
1070 2508 1250 2601 puerisque
1267 2501 1418 2600 ‘virisque

379 2624 568 2712 Pulchrior,
589 2641 623 2696 et
644 2639 777 2695 tantum
795 2625 935 2695 domino
956 2622 1086 2696 minor!
1107 2624 1196 2696 illius
1215 2651 1303 2696 unus

383 2752 473 2818 Ante
494 2745 611 2832 decor,
631 2759 797 2840 quantum
816 2747 975 2842 precedit
993 2745 1083 2816 clara
1102 2733 1250 2816 minores

382 2869 480 2937 Luna
499 2867 605 2952 laces,
626 2880 859 2962 quantumque
879 2866 962 2936 alios
983 2847 1108 2962 prdmit
1126 2871 1295 2963 Hesperus
1316 2869 1419 2961 ignes.

271 3017 284 3036 ν
382 2988 461 3057 Νοιι
482 2987 542 3057 tihi
562 2986 746 3056 femineum
766 2985 865 3056 vultu
885 2986 1004 3073 decus,
1022 3011 1150 3082 oraque
1169 3011 1271 3083 supra

383 3105 497 3178 Mollis
516 3107 625 3177 honos
644 3106 777 3203 (quales
796 3105 908 3177 duhioe
926 3098 1120 3177 discrimina
1139 3107 1254 3176 sormae

383 3231 436 3300 De
456 3252 538 3298 sexu
558 3230 701 3298 transire
718 3226 875 3324 jubent);
896 3251 1070 3324 parvoque
1089 3226 1194 3296 virilis

384 3351 522 3435 Gratis,
542 3374 604 3420 nec
624 3347 779 3444 petulans
798 3350 904 3438 acies,
924 3347 1108 3443 blandique
1128 3372 1244 3418 severo

384 3472 467 3564 lgne
486 3467 575 3538 oculi
597 3467 723 3566 (qualis
743 3467 839 3538 bellis
855 3469 925 3563 jam
946 3469 1073 3538 casside
1095 3471 1195 3538 missa

385 3589 647 3685 Parthenopaeus
668 3589 780 3684 erat);
800 3587 1008 3684 simplexque
1028 3589 1171 3658 horrore
1188 3589 1311 3657 decoro

385 3699 509 3798 crinis,
526 3707 560 3780 et
579 3710 719 3782 obsessos
738 3708 909 3794 nondum,
931 3709 1108 3804 primoque
1130 3710 1291 3779 micantes

384 3828 482 3904 Flore
498 3855 601 3925 gene.
619 3829 735 3900 Talem
752 3829 866 3900 Ledeo
884 3831 1019 3925 gurgite
1038 3830 1163 3926 pubem

386 3951 516 4021 Educat
534 3953 699 4038 Eurotus3
719 3952 826 4021 teneri
846 3953 894 4021 sio
914 3952 1124 4046 integer‚aevi

387 4069 464 4152 Elin
485 4070 569 4159 adit,
590 4071 784 4166 primosque
800 4073 875 4140 lovi
896 4096 982 4165 puer
1000 4073 1165 4166 approbat
1186 4093 1302 4140 annos.
