3206 5136
404 505 442 574 ts
722 503 940 561 rnnmmos
963 476 1075 558 amsa
1097 501 1132 554 v.
1342 497 1377 555 n.
1392 490 1459 556 υἱ)

404 631 586 719 Gentibus,
605 629 749 723 aequorei
769 627 940 698 redierunt
960 624 1081 694 vellera
1100 623 1234 717 Phryxi.

452 754 527 820 «Ut
544 764 629 819 stata
647 748 705 818 lux
723 747 859 844 pelago,
878 761 1125 838 venturumque
1140 743 1265 813 aethera
1281 743 1392 812 sensit

403 874 551 968 Tiphys,
568 887 602 942 et
620 871 753 940 occidui
770 869 914 940 rubuere
932 865 1057 938 cubilia
1074 865 1211 951 Phoebi;

404 997 480 1062 Heu
497 994 620 1062 iterum
639 991 799 1088 gemitus,
819 992 1009 1082 iterumque
1027 987 1208 1056 novissima
1224 1009 1292 1056 nox
1309 1001 1371 1056 est.

403 1115 471 1181 Vix
491 1085 638 1182 reserata
659 1111 749 1198 dies,
768 1125 803 1180 et
819 1111 890 1203 jam
909 1122 983 1177 rate
1002 1105 1110 1178 celsus
1129 1109 1228 1176 lason

404 1237 457 1303 Ire
475 1233 589 1327 jubet,
610 1235 787 1327 primoque
806 1231 885 1300 serit
904 1229 973 1298 dux
994 1227 1132 1297 verbere
1152 1241 1305 1322 pontum.
1398 1265 1402 1272 ·

404 1353 484 1423 Illos
502 1379 520 1423 e
540 1353 704 1448 scopulis,
723 1367 757 1423 et
776 1376 912 1446 summo
926 1353 1052 1424 vertice
1068 1351 1210 1435 montis,

405 1479 550 1570 Spumea
565 1476 711 1568 porrecti
729 1473 923 1543 dirimentes
941 1487 1035 1568 terga
1052 1471 1212 1567 probandi

372 1619 377 1630 ·
405 1597 645 1688 Prosequimur
660 1597 751 1682 visu,
769 1593 875 1663 donec
892 1594 1027 1664 lassavit
1043 1607 1159 1662 euntes

405 1721 480 1785 Lux
500 1714 631 1802 oculos,·
651 1712 856 1810 longumque
872 1712 951 1809 polo
971 1729 1150 1783 contexere
1166 1714 1235 1782 visa
1253 1728 1303 1782 est

407 1841 551 1932 AEquor‚
571 1852 605 1906 et
623 1838 760 1905 extremi
778 1837 904 1931 pressit
920 1833 1015 1918 freta,
1026 1835 1179 1930 margine
1199 1833 1285 1922 coeli.

457 1961 584 2026 «Fama
605 1957 695 2026 subit
714 1971 851 2052 portus,
872 1970 1006 2026 vectum
1026 1970 1118 2025 trans
1139 1953 1207 2024 alta
1228 1954 1385 2025 Thoanta

408 2083 568 2162 Fraterna
585 2101 729 2174 regnare
746 2077 834 2147 Chio
853 2103 861 2145 ε
879 2077 961 2146 mihi
979 2079 1120 2146 crimina
1139 2074 1247 2165 nulla,

408 2203 451 2268 Et
469 2223 593 2268 vacuos
614 2200 732 2268 arsisse
750 2221 850 2293 rogos
870 2223 879 2266 ε
901 2196 1013 2266 fremit
1034 2198 1138 2292 impia
1158 2195 1271 2291 plebea

408 2319 567 2389 Sontibus
588 2343 733 2388 accensae
753 2317 915 2406 stimulis,
935 2317 1131 2412 facinusque
1151 2334 1350 2412 reposcunt.

328 2489 338 2498 -.
406 2441 501 2530 Quin
518 2440 620 2507 etiam
637 2437 777 2508 occulte
796 2437 1166 2534 vulgo'increbresccrc
1185 2463 1282 2507 voces
1302 2464 1311 2506 :

407 2559 528 2630 Solane
544 2559 610 2628 fida
626 2560 717 2629 suis?
736 2585 798 2629 nos
817 2575 931 2630 autem
949 2562 984 2628 in
1002 2560 1120 2630 funera
1139 2559 1242 2629 laetas?

407 2683 486 2752 Non
500 2684 592 2750 Deus
607 2681 697 2768 haec,
712 2679 900 2774 satumque,
914 2681 1007 2774 quod
1021 2683 1166 2774 imperat
1178 2681 1265 2750 urbe
1279 2679 1429 2750 nefanda.

456 2800 619 2871 «Talibus
633 2801 795 2870 exanimis
812 2801 910 2871 dictis
927 2801 983 2896 (et
997 2803 1091 2870 triste
1108 2803 1317 2897 propinquat

408 2919 630 3015 Supplicium,
652 2945 714 2990 nec
731 2947 835 3017 regna
849 2923 1007 3016 juvant),
1027 2946 1112 3017 vaga
1131 2920 1231 2991 litora
1249 2921 1342 2991 furto

407 3043 608 3110 Incomitata
626 3067 767 3136 sequor,
787 3043 985 3136 funestaque
1004 3045 1127 3112 moenia
1144 3043 1281 3137 linquo,

408 3163 486 3250 Qua
504 3161 584 3257 fuga
602 3177 683 3231 nota
701 3165 823 3256 patris3
842 3164 899 3234 sed
920 3189 988 3234 non
1009 3167 1130 3234 iterum
1151 3165 1270 3234 obvius
1288 3169 1407 3236 Evan:

408 3283 496 3351 Nam
513 3307 566 3352 me
582 3283 779 3378 predonum
796 3308 917 3354 manus
933 3287 999 3356 huc
1016 3287 1158 3382 appulsa
1175 3300 1342 3356 tacentem

408 3403 555 3497 Arripit,
574 3417 608 3472 et
626 3419 752 3474 vestras
772 3405 932 3475 famulam
950 3409 1148 3476 transmittit
1164 3409 1199 3476 in
1217 3431 1304 3477 oras.
1319 3437 1337 3472 s

457 3521 551 3592 Talia
570 3527 716 3594 Iernoeis
738 3527 839 3595 iterat
858 3527 938 3596 dum
960 3528 1095 3624 regibus
1115 3528 1207 3599 exsul

409 3644 580 3731 Lemnias,
600 3659 634 3712 et
651 3643 754 3740 longa
772 3645 900 3717 solatur
917 3648 1040 3718 damna
1059 3648 1214 3743 querela,

409 3765 591 3840 Immemor
610 3764 771 3853 absentis,
793 3768 840 3836 sic
861 3767 907 3836 Di
927 3771 1093 3857 suasistis,
1116 3768 1260 3859 alumni3

407 3880 470 3950 Ille
487 3908 606 3977 graves
625 3884 759 3972 oculos,
777 3885 1039 3983 languentiaque
1057 3913 1116 3958 ora
1138 3890 1285 3958 comanti

408 4004 535 4097 Mergit
547 4005 675 4094 humo,
693 4005 864 4101 fessusque
881 4009 938 4077 diu
957 4009 1140 4103 puerilibus
1157 4012 1239 4080 actis

408 4122 551 4192 Labitur
571 4126 605 4193 in
627 4149 780 4213 somnos;
799 4153 921 4222 prensa
941 4153 1059 4198 manus
1079 4131 1182 4200 haret
1202 4133 1236 4199 in
1256 4130 1368 4204 herba.
