3192 5148
152 502 183 554 (ι.
195 500 223 551 ι.)
498 491 692 546 sumnum
712 491 822 548 Luna
843 494 864 547 1.
1167 513 1200 548 αι

153 601 1205 637 mmmsmmmmim

624 907 717 1040 w.

343 1239 554 1328 SOTERIA
576 1251 774 1360 'RUTILII
795 1252 1015 1366 ΙΕἈΙᾸᾸΟΙ.

200 1925 316 2008 Esus,
333 1924 518 2016 io.Superi,
533 1947 594 1992 nec
610 1922 953 1994 inexorabile'Clotho

113 2027 115 2032 ’
153 2038 268 2109 Volvit
285 2065 394 2136 opus:
410 2041 501 2133 videt
518 2040 605 2111 alma
622 2044 694 2137 pios
711 2046 853 2132 Astraea,
866 2047 1008 2140 Jovique
1033 2063 1035 2066 ’

155 2146 342 2230 Conciliata
358 2160 462 2248 redit;
479 2160 697 2257 dubitataque
713 2163 821 2248 sidera
832 2135 943 2233 cernit

155 2279 316 2350 Gallicus.
332 2285 377 2351 Es
392 2280 493 2367 ooelo,
506 2281 557 2350 dls
571 2281 620 2371 es,
635 2285 854 2370 Germanice,
870 2284 980 2371 cordi;

155 2402 242 2489 Quis
259 2401 384 2496 negat?
399 2402 534 2471 erubuit
549 2416 644 2471 tanto
659 2402 803 2497 spoliare
818 2405 973 2473 ministro

154 2522 340 2615 Imperium
355 2521 505 2590 Fortuna
520 2535 626 2591 tuum.
645 2525 717 2592 Stat
732 2525 884 2617 proxima
900 2525 1010 2592 cervix

154 2639 318 2708 Ponderis
337 2611 507 2728 immensi,
523 2640 748 2736 damnosaque
764 2640 821 2710 fila
835 2657 974 2712 senectae

155 2760 272 2846 Exuit,
288 2774 389 2852 atque
405 2758 493 2828 alios¹
503 2759 621 2848 melior
637 2757 807 2846 revirescit
823 2763 858 2828 in
873 2785 989 2830 annos.

156 2883 246 2974 Ergo
261 2875 403 2964 alacres,
418 2904 492 2974 quae
507 2881 602 2975 signa
619 2877 735 2949 colunt
747 2881 895 2966 urbana,
911 2880 1083 2967 cohortes,

155 3000 264 3092 Inque
278 2999 389 3068 sinum
405 3023 478 3093 quae
493 3023 584 3092 saepe
596 3013 691 3068 tuum
709 2993 931 3069 sora'turbida
948 3014 1068 3094 questu

156 3118 381 3213 Confugiunt,
397 3116 566 3212 legesque,
582 3118 747 3212 urbesque
765 3120 955 3213 ubicunque
971 3134 1090 3215 togatas

155 3241 244 3326 Quae
260 3251 318 3307 tua
331 3236 524 3331 longinquis
542 3237 723 3331 implorant
736 3241 814 3331 jura
829 3238 988 3332 querelis,

155 3362 296 3426 Certent
311 3355 439 3442 laetitia,
456 3381 620 3451 nosseque
635 3381 675 3425 ex
688 3356 807 3425 ordine
824 3357 917 3426 collis

156 3476 369 3564 Confremat,
386 3488 418 3545 et
433 3473 552 3544 sileant
566 3477 690 3570 pejoris
708 3501 882 3546 murmura
897 3478 992 3547 lamae
1009 3503 1017 3545 ε

155 3597 292 3690 Quippe
308 3609 441 3682 manet,
458 3595 663 3690 longumque
678 3621 747 3664 aevo
764 3596 925 3666 redeunte
941 3599 1108 3685 manebit,

156 3719 268 3804 Quem
283 3739 385 3809 penes
399 3713 573 3809 intrepida
590 3716 680 3784 mitis
690 3711 846 3786 ‘custodia
863 3722 986 3788 Romae.

156 3837 229 3905 Nec
245 3848 376 3904 tantum
392 3834 561 3903 induerint
575 3834 889 3904 fatisnovasaecula
905 3839 1054 3924 crimen,

157 3959 227 4024 Aut
242 3955 418 4025 instaurati
434 3956 620 4048 peccaverit
637 3955 855 4024 ara'Terenti.
922 3949 925 3958 ’

205 4077 267 4146 Ast
283 4099 345 4170 ego
363 4101 424 4145 nec
438 4073 602 4147 Phoebum
618 4079 831 4172 (quanquam
847 4079 929 4147 mihi
946 4079 1047 4147 surda
1062 4080 1133 4147 sine
1150 4077 1207 4147 illo
