3206 5136
391 501 426 538 ¹²
559 509 562 516 ’
693 486 913 546 mannos
936 487 1047 544 LIBER
1068 486 1120 543 1v.
1318 481 1428 540 tahal

386 607 516 699 Poplite
536 608 697 679 succiduo
716 613 910 704 resupinum
931 635 970 680 ac
987 634 1081 704 paeue
1100 622 1251 678 mentem
1273 633 1283 673 ε

386 728 431 794 Et
449 727 485 794 ni
503 741 642 796 curvato
661 730 829 798 torsissem
850 729 977 823 spicula
995 753 1148 798 cornu...
1222 740 1226 748 '

386 847 486 914 Nunc
503 845 560 914 ubi
578 845 664 916 bella
681 848 768 916 tibi?
786 846 832 917 nil
852 863 884 918 tc
903 873 976 919 mea
995 847 1061 918 tela
1072 848 1255 940 juvabunt,

387 967 457 1034 Nec
478 981 597 1036 teretes
614 993 727 1055 arcus,
747 967 884 1038 maculis
903 994 966 1038 nec
984 964 1129 1037 discolor
1149 967 1229 1034 atris

386 1087 464 1172 Hic,
483 1089 538 1155 cui
555 1086 645 1174 fidis,
666 1111 771 1180 equus
789 1115 798 1156 ε
816 1090 947 1182 magnis
965 1087 1140 1157 conatibus
1158 1087 1276 1171 instas,

385 1206 453 1275 vix
470 1206 643 1300 Dryadum
663 1205 835 1291 thalamis,
853 1206 1220 1299 Erymanthiadumque
1239 1205 1346 1273 furori

386 1325 619 1419 Nympharum
640 1341 768 1394 mature
790 1351 882 1420 puer.
906 1329 993 1395 Sunt
1012 1327 1124 1394 omina
1145 1349 1221 1394 vera
1242 1350 1267 1391 :-

385 1447 534 1515 Mirabar
550 1470 611 1515 cur
628 1444 752 1541 templa
769 1445 853 1515 mihi
869 1447 1043 1516 tremuisse
1059 1446 1176 1516 Dianae

384 1567 515 1660 Nuper,
534 1579 567 1634 et
585 1565 720 1634 inferior
736 1564 832 1634 vultu
849 1569 921 1634 Dea
938 1568 1025 1653 visa,
1044 1567 1211 1659 sacrisque

384 1686 519 1755 Exuviae
535 1685 682 1756 cecidere
700 1683 801 1755 tholis
820 1711 829 1754 ι
847 1687 926 1754 hinc
944 1688 1078 1781 segnior
1095 1711 1206 1773 arcus,

385 1802 614 1898 Difficilesque
632 1829 765 1894 nunus,
786 1820 819 1874 et
836 1803 931 1875 nullo
948 1808 982 1874 in
1000 1805 1136 1875 vulnere
1152 1819 1257 1874 certae.

385 1927 561 2017 Exspecta,
580 1925 661 1994 dum
678 1926 784 2019 major
800 1927 923 2012 honos,
940 1924 1022 1994 dum
1041 1925 1170 1995 firmius
1184 1949 1308 2008 aevum,

382 2049 473 2114 Dum
494 2046 597 2114 roseis
615 2047 707 2114 venit
724 2045 844 2114 umbra
864 2049 973 2140 genis,
991 2045 1170 2139 vultusque
1190 2043 1348 2113 recedunt

384 2169 453 2235 Ore
469 2167 534 2234 mei
554 2192 562 2234 :
582 2181 662 2235 tunc
680 2165 767 2235 bella
785 2168 862 2253 tihi,
883 2167 1090 2259 ferrumque,
1111 2166 1202 2258 quod
1220 2165 1332 2250 ardes,

382 2290 457 2380 Ipsa
474 2286 579 2371 dabo,
594 2299 627 2355 et
645 2286 738 2355 nullo
757 2289 873 2356 matris
889 2289 1089 2358 revocabere
1107 2289 1199 2357 fletu.

382 2409 413 2476 N
416 2433 481 2476 unc
500 2407 586 2476 refer
602 2433 696 2477 arma
711 2407 849 2478 domum
869 2436 876 2476 :
895 2423 1081 2478 vosautem
1099 2410 1191 2478 hunc
1210 2411 1257 2478 ire
1273 2408 1403 2493 sinetis,

383 2527 546 2598 Arcades?
564 2553 585 2597 o
604 2530 690 2598 saxis
710 2530 887 2618 nimirum,
906 2545 939 2599 et
958 2530 1080 2600 robore
1098 2527 1183 2599 nati!
1196 2561 1213 2596 n

429 2647 529 2719 Plura
548 2651 667 2743 cupit:
690 2650 754 2719 fusi
775 2652 902 2720 circuni
922 2665 1102 2746 natusque,
1123 2651 1290 2744 ducesque

380 2769 554 2854 Solantur,
572 2771 797 2864 minuuntque
814 2786 939 2860 metus,
956 2774 1072 2866 etjam
1091 2771 1228 2840 horrida
1245 2768 1405 2865 clangunt

381 2892 484 2984 Signa
503 2891 591 2959 tubae
612 2917 619 2958 :
641 2891 757 2986 nequit
776 2891 832 2960 illa
851 2894 908 2986 pio
929 2892 1097 2962 dimittere
1115 2905 1232 2960 natum

379 3009 582 3104 Complexu,
600 3009 812 3105 multumque
829 3011 907 3082 duci
925 3013 1139 3088 commendat
1153 3012 1307 3084 Adrasto.

427 3135 473 3201 At
490 3146 584 3225 parte
599 3157 639 3201 ex
655 3130 720 3202 alia
738 3133 857 3204 Cadmi
873 3137 1042 3203 Mavortia
1058 3133 1186 3228 plebes,

378 3256 499 3323 Moesta
521 3251 615 3322 ducis
636 3252 746 3340 furiis,
767 3269 801 3322 et
820 3252 899 3322 belli
920 3256 1036 3324 territa
1057 3255 1162 3344 fama,

378 3373 548 3471 (Quando
565 3374 618 3444 his
639 3371 810 3468 vulgatum
831 3375 1031 3445 descendere
1049 3377 1177 3446 viribus
1195 3377 1326 3471 Argos)

377 3495 519 3566 Tardius
542 3493 598 3564 illa
617 3494 769 3589 quidem,
788 3495 892 3589 regis,
913 3521 1086 3590 causaeque
1108 3497 1252 3592 pudore,

377 3620 505 3688 Verum
522 3611 610 3685 bella
627 3631 739 3685 movet
758 3642 766 3683 :
786 3613 871 3686 nulli
890 3615 1090 3714 distringere
1109 3617 1235 3688 serrum
1282 3614 1285 3620 ’

377 3741 543 3831 Impetus,
560 3752 620 3804 aut
636 3737 794 3806 humeros
811 3735 927 3833 clypeo
944 3738 1101 3810 clausisse
1117 3755 1258 3834 paterno

377 3856 500 3946 Dulce,
521 3882 582 3927 nec
600 3855 770 3951 alipedum
787 3861 868 3954 juga
888 3885 1035 3949 comare,
1053 3860 1164 3955 qualia
1184 3859 1262 3931 belli

379 3978 511 4048 Gaudia
531 4005 538 4046 :
562 3977 680 4072 dejecti
697 3978 844 4073 trepidos
860 3981 933 4050 sine
948 3996 1078 4066 mente,
1094 3983 1167 4050 siue
1184 3983 1251 4069 ira,

378 4101 566 4170 Promisere
585 4125 706 4168 manus
725 4127 733 4168 ε
752 4100 808 4170 hic
826 4127 914 4196 aegra
933 4103 967 4170 in
986 4119 1075 4173 sorte
1092 4117 1266 4198 parentem
