3094 5140
104 469 221 535 (ees.)
418 464 634 523 ruunnrnos
657 465 767 522 nmen
787 465 837 520 xi.
985 430 987 440 ’
1103 468 1159 523 en

14 675 19 695 θ
106 598 234 685 Sensit,
246 611 280 665 et
297 597 431 667 OEtaeas
446 593 606 662 membris
621 591 780 660 accedere
797 604 916 675 vestes,

13 697 18 712 Β
103 721 193 788 Vota
210 719 343 810 incepta
362 729 490 802 tamen,
510 711 680 806 libataque
698 712 799 781 thura
814 711 938 780 ferebat

16 924 21 933 Ι
103 841 220 908 Durus
232 835 359 925 adhuc,
373 837 568 930 patiensque
585 831 680 921 mali,
694 857 771 901 mox
785 831 912 926 grande
926 846 1062 901 coactus

102 959 290 1052 Ingemuit,
308 956 483 1049 victorque
501 953 582 1022 furit
601 976 661 1046 per
680 953 807 1021 viscera
825 953 962 1022 Nessus.

102 1078 253 1147 Nuntius
270 1076 416 1144 exanimi
436 1096 616 1168 suspensus
634 1085 770 1166 pectora
789 1081 891 1140 cursu

21 1270 23 1278 ,
104 1201 245 1292 AEpytus
261 1195 304 1265 ad
325 1219 454 1289 regem,
473 1207 578 1287 portae
596 1192 741 1261 statione
759 1189 893 1276 relicta,

13 1319 18 1332 “
101 1318 242 1406 Tendit,
260 1330 296 1386 ct
314 1317 385 1384 haec
405 1310 538 1408 trepido
560 1313 614 1381 vix
634 1310 822 1381 intellectus
843 1309 1000 1382 anhelat:

103 1469 120 1504 α
138 1441 273 1532 Rumpe
288 1433 361 1532 pios
382 1431 509 1522 cultus,
532 1432 848 1526 intempestivaque,
867 1447 989 1520 rector,

103 1561 204 1629 Sacra
224 1561 362 1627 Deum:
382 1554 485 1624 frater
503 1554 609 1622 muris
628 1552 927 1632 circumomnibus
948 1554 1068 1638 instat,

102 1685 350 1774 Portarumque
369 1702 480 1748 moras
499 1675 602 1746 frenis
623 1673 779 1763 assultat,
797 1691 831 1744 et
846 1675 966 1759 hastis,

102 1801 250 1871 Nomine
261 1815 293 1870 te
306 1799 440 1886 crebro,
452 1814 484 1868 te
494 1783 602 1867 soluin
612 1797 648 1864 iu
659 1794 777 1891 proelia
788 1821 938 1890 poscens.
951 1827 968 1861 n

103 1920 201 1993 Flent
218 1923 327 1991 moesti
346 1936 438 1990 retro
454 1920 611 2007 comites,
629 1932 663 1986 et
682 1932 822 2010 uterque
836 1916 987 2011 loquenti

102 2041 274 2137 Adgemit,
293 2058 327 2112 et
344 2039 449 2136 pulsis
469 2040 635 2109 exercitus
655 2037 819 2132 obstrepit
838 2039 949 2106 armis.

12 2155 15 2196 ⁵
101 2162 165 2233 Ille
179 2161 296 2233 vocat!
316 2165 416 2233 Nunc
433 2176 565 2256 tempus
582 2173 671 2246 erat,
689 2173 780 2227 sator
795 2161 923 2253 optime
939 2161 1075 2228 Divum.

102 2284 197 2375 Quid
217 2286 341 2354 meruit
354 2287 532 2379 ‚Capaneus
542 2281 557 2351 l
568 2311 585 2345 o
601 2281 771 2351 Turbatus
789 2281 958 2350 inhorruit
974 2276 1051 2351 altis

103 2409 176 2474 Rex
197 2405 299 2496 odiis,
320 2404 496 2498 mediaque
513 2417 625 2472 tamen
643 2403 776 2499 gavisus
796 2403 897 2472 inira
917 2417 976 2472 est.

152 2528 208 2596 Sic
226 2527 285 2597 ubi
303 2540 462 2624 regnator
479 2542 554 2621 post
570 2522 693 2594 exsulis
712 2526 781 2594 otia
801 2526 905 2612 tauri,

102 2649 274 2742 Mugitum
292 2645 448 2716 hostilem
467 2670 597 2716 summa
615 2645 691 2718 tulit
710 2671 792 2716 aure
807 2649 989 2742 juvencus,

102 2769 316 2863 Agnovitque
332 2767 456 2857 minas,
477 2791 598 2862 magna
612 2783 679 2836 stat
694 2767 843 2838 fervidus
860 2769 909 2837 ira

103 2891 192 2958 Ante
201 2913 356 2985 gregem,
372 2890 566 2984 spumisque
577 2890 707 2958 animos
721 2886 916 2958 ardentibus
928 2888 1044 2968 effert,

103 3011 203 3079 Nunc
214 3009 299 3105 pede
308 3025 424 3079 torvus
435 3011 594 3098 humum,
607 3035 697 3080 nunc
707 3009 864 3079 cornibus
876 3033 953 3079 aera
965 3008 1107 3079 findens.

103 3135 226 3201 Horret
246 3155 337 3225 ager,
358 3129 563 3228 trepideque
579 3146 770 3227 exspectant
790 3129 907 3225 proelia
923 3128 1034 3199 valles.

152 3252 231 3321 Non
249 3250 372 3321 desunt
387 3253 458 3346 regi
476 3253 615 3322 comites
632 3278 676 3321 :a
690 3253 783 3336 Sine,
801 3252 921 3320 moenia
940 3249 1051 3346 pulset

103 3373 222 3441 lrritus
240 3399 247 3440 :
268 3371 323 3441 ille
342 3389 453 3442 autem
472 3372 584 3444 fractis
603 3374 669 3442 huc
687 3371 808 3442 audeat
825 3379 932 3465 usque

103 3492 263 3564 Viribus?
282 3495 338 3563 hic
354 3496 484 3565 miseris
503 3494 597 3565 furor
616 3509 665 3563 est
686 3496 809 3563 instare
828 3491 969 3588 periclo,

102 3614 174 3686 Nec
191 3612 315 3684 librare
334 3631 458 3705 metus,
478 3631 511 3686 et
528 3631 601 3686 tuta
621 3615 754 3684 odisse:
776 3616 893 3684 resiste

101 3739 174 3805 Hoc
195 3735 300 3805 frctus
318 3735 425 3806 solio:
445 3762 507 3806 nos
525 3734 797 3832 propulsabimus
813 3736 952 3806 hostem.

102 3861 171 3926 Hos
191 3855 315 3927 bellare
327 3859 419 3952 jube.
436 3889 453 3923 n
475 3859 530 3927 Sic
550 3859 703 3952 proxima
722 3857 841 3943 turba3
863 3857 921 3926 sed
940 3857 1059 3927 ardens

102 3979 189 4048 Ecce
206 3979 324 4049 aderat
343 3978 452 4066 luctu,
474 3977 693 4072 dicturusque
711 3979 822 4047 omnia
840 3957 940 4048 betti'

102 4098 272 4169 Libertate
286 4103 395 4170 Creon
413 4127 420 4168 :
440 4101 507 4170 urit
526 4099 595 4169 fera
613 4095 715 4168 corda
733 4102 949 4169 Menoeceus:
