3080 5136
361 421 418 488 264
668 421 926 480 temnamus
950 420 1065 476 LIBER
1085 421 1108 474 1.
1307 421 1356 480 (¹2
1376 421 1459 478 un)

358 549 468 618 Trade
483 551 599 643 magis.
611 579 627 615 o
640 549 696 618 Sic
710 546 777 617 fata
794 571 936 644 parens:
954 571 1062 640 neque
1077 546 1169 614 enim
1184 543 1243 614 ille
1257 543 1455 624 dedisset,

358 671 394 740 Si
412 668 528 739 molles
546 670 681 739 habitus
699 683 735 739 et
750 668 896 763 tegmina
915 666 1005 736 foeda
1020 667 1131 736 lateri

357 797 450 862 Ausa
467 793 538 860 seni
557 817 566 859 τ
586 807 667 862 tunc
683 789 741 860 ille
759 789 882 858 refert:
903 819 920 854 α
932 791 1032 878 Duc',
1051 783 1198 884 optirira,
1214 815 1362 882 quaeso,

358 916 435 982 Duc
454 909 822 1008 genitrix,.humilique
838 913 931 980 Deos
949 909 1098 1006 infringe
1114 927 1270 1005 precatu.

360 1037 450 1105 Nam
465 1047 626 1128 superant
640 1046 698 1101 tua
711 1047 791 1102 vota
806 1029 968 1118 modurn,
986 1029 1220 1126 placandaque
1235 1031 1403 1101 multum

358 1154 490 1223 Invidia
509 1167 583 1223 est:
601 1179 671 1223 non
689 1152 779 1222 addo
797 1168 945 1240 metum,
963 1153 1022 1222 sed
1040 1178 1123 1221 vera
1139 1152 1301 1222 fatebor:

358 1275 482 1346 Nescio
499 1273 582 1369 quid
599 1299 761 1370 maguum
779 1273 862 1370 (nec
878 1299 932 1344 rne
949 1275 1062 1369 patria
1079 1276 1194 1345 omina
1210 1273 1367 1368 fallunt)

358 1397 419 1464 Vis
437 1395 559 1465 festina
577 1409 695 1490 parat,
714 1411 917 1490 tenerosque
937 1399 1133 1491 supervenit
1151 1421 1273 1483 annos,

359 1515 453 1586 Olim
469 1515 557 1586 ferre
576 1518 686 1586 minas
704 1529 739 1585 et
759 1517 855 1586 obire
875 1515 990 1586 audita
1009 1516 1141 1587 solebat

358 1639 524 1733 Imperia,
540 1653 575 1708 et
591 1639 718 1708 nostris
736 1636 856 1733 procul
874 1637 966 1708 lraud
984 1637 1158 1734 discedere
1176 1639 1221 1708 ab
1240 1643 1369 1726 antris.

357 1762 458 1850 Nunc
476 1757 572 1828 illurn
592 1783 662 1828 non
681 1762 768 1828 Ossa
791 1760 901 1853 capit,
921 1785 989 1829 non
1010 1737 1128 1830 Pelion
1149 1761 1291 1854 ingens,

358 1879 579 1952 Thessaliaeve
597 1881 692 1950 nives
708 1904 716 1949 ε
734 1880 799 1976 ipsi
818 1880 902 1950 mihi
923 1885 1011 1976 saepe
1030 1895 1220 1976 queruntur

359 2003 521 2073 Centauri
540 2017 722 2099 raptasque
741 1998 880 2093 domos,
898 2003 1134 2098 abstractaque
1153 2029 1268 2074 coram

361 2129 541 2214 Armenta,
558 2139 592 2194 et
612 2125 741 2219 campis
760 2139 867 2194 semet
884 2125 1062 2220 fluviisque
1078 2124 1200 2222 fugari.
1221 2115 1223 2120 ¹

359 2245 501 2314 Insidias
517 2259 551 2314 et
569 2242 658 2314 bella
676 2260 818 2340 parant,
830 2245 1032 2340 'tumidique'
1046 2247 1230 2315 minantur.

360 2364 452 2437 Olim
469 2365 644 2460 equidem,
662 2368 794 2461 rugoos
811 2367 912 2460 pinus
933 2367 1039 2461 quum
1056 2365 1216 2436 Thessala
1236 2393 1338 2462 reges

360 2491 431 2555 Hac
451 2487 609 2572 veheret,
624 2488 786 2580 juvenem
807 2484 967 2577 Alciden,
988 2502 1023 2556 et
1040 2487 1168 2556 Thesea
1189 2487 1279 2574 vidi3

360 2608 425 2678 Sed
446 2623 551 2678 taceo.
566 2637 584 2672 r
597 2609 688 2704 Figit
706 2607 836 2703 gelidus
854 2611 886 2680 N
889 2607 1003 2677 ereida
1020 2605 1139 2702 pallor.

410 2727 470 2798 llle
488 2729 604 2798 aderat
620 2727 730 2798 multo
748 2727 890 2816 sudore,
908 2745 941 2800 et
960 2726 1100 2824 pulvere
1117 2730 1235 2822 major.

362 2857 516 2922 Attamen
537 2873 631 2919 arma
647 2851 746 2936 inter,
763 2849 1006 2944 festinatosque
1026 2849 1179 2940 labores,

360 2971 481 3044 Dulcis
499 2970 612 3040 adhuc
631 2972 724 3058 visu,
744 2970 845 3040 niveo
866 2967 960 3040 natat
978 2973 1066 3068 ignis
1085 2973 1121 3042 in
1139 2999 1199 3043 ore

362 3097 575 3188 Purpureus,
594 3089 755 3186 fulvoque
774 3093 857 3160 nitet
873 3117 970 3162 corna
992 3095 1120 3188 gratior
1136 3119 1229 3164 auro.

362 3215 433 3284 Nec
453 3213 533 3283 dum
553 3215 663 3308 prima
682 3236 770 3282 nova
788 3210 948 3308 lanugine
967 3216 1113 3284 vertitur
1127 3230 1226 3299 aetas,

361 3333 632 3429 Tranquillaeque
646 3335 735 3404 faces
745 3317 884 3423 oculis,
900 3350 934 3403 et
952 3333 1098 3428 plurima
1114 3334 1209 3406 vultu

364 3457 473 3524 Mater
489 3456 599 3525 inest:
616 3451 724 3550 qualis
741 3457 844 3552 Lycia
860 3471 1001 3526 venator
1018 3456 1142 3551 Apollo

362 3579 480 3666 Quum
500 3575 607 3665 redit,
626 3590 659 3645 et
677 3576 771 3645 saevis
791 3592 962 3671 permutat
980 3576 1108 3672 plectra
1127 3579 1307 3673 pharetris.

363 3703 464 3768 Forte
483 3714 518 3768 et
537 3697 632 3768 laetus
649 3700 744 3770 adest
758 3700 794 3796 (o
811 3717 977 3795 quantum
996 3702 1120 3797 gaudia
1137 3701 1252 3771 lormae

366 3821 537 3915 Adjiciunt
550 3816 579 3916 l)
595 3845 604 3889 ε
625 3817 738 3891 soetarn
760 3819 904 3894 Pholoes
924 3824 987 3891 sub
1004 3849 1090 3920 rupe
1107 3822 1246 3896 leaenam

364 3941 557 4012 Perculerat
572 3942 677 4030 lerro,
696 3943 878 4037 vacuisque
897 3942 1081 4038 reliquerat
1100 3949 1205 4015 antris

364 4066 496 4158 Ipsam,
519 4062 575 4133 sed
596 4063 723 4135 catulos
742 4079 920 4158 apportat,
938 4080 972 4134 et
989 4067 1108 4136 incitat
1126 4093 1267 4163 ungues.
