3094 5140
412 506 466 573 178
718 499 933 556 Tmtmos
953 499 1066 554 LIBER
1089 499 1127 554 X.
1346 497 1454 558 (urst.)

407 628 575 724 Pluraque
594 627 707 698 lueto
724 625 920 696 ceciderunt
937 626 1049 695 sides-a
1067 623 1164 693 cralo.

454 751 587 819 Primus
605 747 721 818 edesse
736 751 847 818 Deum
864 745 978 816 subita
995 744 1140 840 caligine
1157 748 1260 815 sensit

406 874 571 966 Campus,
593 883 627 938 et
645 872 831 939 innumere
846 891 965 955 voces,
984 867 1203 960 fremitusque
1220 868 1376 936 virorum

405 991 598 1061 Submisere
618 1015 740 1060 sonum
760 1015 769 1058 t
789 1013 894 1083 quum
914 1013 995 1057 veno
1014 973 1233 1058 humentibus
1250 985 1314 1056 alis

405 1112 584 1197 Incubuit,
603 1113 765 1206 piceaque
783 1110 876 1180 haud
892 1133 1045 1203 unquam
1062 1107 1197 1178 densior
1215 1107 1339 1178 umbra

405 1235 527 1304 Castra
543 1233 654 1319 subit,
673 1253 788 1300 errore
805 1229 911 1320 oculi,
930 1227 1145 1324 resolutaque
1161 1227 1266 1314 colla,

405 1357 451 1422 Et
467 1352 579 1424 medio
598 1352 703 1422 allatu
720 1351 824 1421 verba
842 1351 1036 1446 imperfecta
1052 1349 1208 1446 relinqui.

405 1477 489 1544 Mox
507 1489 540 1544 et
557 1473 723 1569 fulgentes
741 1472 885 1568 clipeos,
903 1488 938 1542 et
952 1497 1040 1542 saeva
1057 1473 1236 1542 remittunt

405 1593 479 1664 Pila
498 1619 619 1683 manu,
641 1592 786 1688 lassique
809 1591 937 1664 cadunt
954 1593 990 1662 in
1008 1607 1144 1688 pectora
1164 1591 1286 1661 uultus.

405 1719 451 1786 Et
471 1716 542 1809 jam
558 1731 680 1786 cuncta
699 1713 799 1784 silent
818 1740 827 1784 ε
846 1715 910 1809 ipsi
926 1716 999 1809 jam
1017 1729 1108 1785 sure
1123 1727 1280 1784 recusant

407 1835 614 1931 Cornipedes
631 1861 640 1906 ε
660 1837 752 1930 ipsos
768 1836 898 1906 subitus
916 1836 1000 1904 cinis
1017 1833 1158 1905 abstuht
1173 1835 1276 1930 ignes.

457 1962 502 2028 At
518 1983 587 2028 nou
605 1972 641 2028 et
659 1958 800 2052 trepidis
818 1955 935 2026 eadem
956 1959 1068 2052 Sopor
1086 1957 1157 2026 otia
1174 1956 1290 2027 Graiis

406 2079 550 2170 Suadet,
568 2093 603 2150 et
620 2101 640 2148 a
656 2079 784 2172 junctis
801 2093 894 2148 arcet
911 2103 972 2147 sua
990 2076 1106 2148 nubila
1124 2077 1243 2147 castris

406 2203 585 2298 Noctivagi
602 2202 653 2270 vis
668 2197 793 2270 blenda
809 2201 876 2270 Dei
894 2225 902 2267 ε
921 2213 1011 2268 stant
1031 2197 1181 2293 undique
1196 2197 1233 2267 in
1249 2197 1355 2264 armis

406 2322 542 2393 Foedam
563 2320 778 2416 indignantes
794 2335 945 2408 noctem,
961 2317 1146 2415 vigilesque
1157 2315 1332 2411 superbos.

406 2447 492 2512 Ecce
509 2465 646 2536 repens,
666 2442 806 2535 Superis
826 2441 976 2510 animum
996 2437 1266 2534 lymphantibus,
1291 2437 1417 2506 horror

407 2563 655 2632 Thiodamanta
672 2561 780 2649 subit,
799 2559 1082 2653 formidandoque
1098 2555 1249 2628 tumultu

406 2682 559 2754 Pandere
574 2683 643 2754 fata
657 2683 753 2777 jubet
770 2708 780 2752 t
800 2683 871 2752 sire
886 2682 975 2752 hanc
996 2681 1155 2751 Saturnia
1171 2693 1342 2766 mentem,

406 2805 484 2874 Sive
503 2829 630 2876 novum
649 2805 808 2874 comitem
824 2803 936 2874 bonus
954 2800 1138 2897 instigabat
1156 2797 1291 2894 Apollo.

406 2926 543 2995 Prosilit
561 2927 595 2994 in
614 2925 760 3011 medios,
779 2926 853 2995 visu
873 2923 1058 3019 audituque
1075 2920 1289 3008 tremendus,

406 3049 659 3142 Impatiensque
673 3047 754 3135 Dei,
768 3044 881 3142 fragili
898 3069 999 3140 quem
1013 3059 1126 3115 mente
1143 3056 1318 3138 receptum

406 3169 485 3240 Non
504 3171 595 3264 capit
615 3196 623 3238 :
643 3168 818 3238 exundant
837 3166 981 3255 stimuli,
1002 3165 1180 3260 nudusque
1197 3189 1258 3260 per
1280 3189 1343 3234 ora

408 3291 483 3358 Stet
502 3289 616 3375 furor,
635 3305 670 3359 et
689 3289 837 3383 trepido
856 3290 985 3360 inest-m
1004 3288 1168 3382 unguor
1185 3284 1316 3369 reddit,

406 3410 640 3503 Exhauritque
656 3433 760 3506 genes
778 3435 788 3478 z
805 3411 892 3480 ecies
911 3409 979 3480 huc
997 3422 1107 3492 errat,
1123 3421 1157 3476 et
1174 3404 1274 3491 illuc,

406 3530 571 3623 Sertaque
587 3531 692 3600 mixta
708 3531 813 3600 onmis
830 3555 945 3627 sparsa
962 3530 1093 3600 cervice
1110 3525 1267 3626 flagellet

405 3649 462 3719 Sic
480 3648 616 3746 Phryga
635 3649 788 3720 terrificis
807 3650 952 3746 genitrix
972 3649 1061 3720 Idms
1078 3662 1255 3720 cruentum

406 3768 507 3840 Elicit
527 3796 568 3840 ex
586 3771 713 3866 adytis,
732 3785 975 3866 consumtaquc
995 3771 1133 3842 brachis
1153 3769 1243 3840 ferro

408 3891 503 3961 Scire
517 3905 624 3980 vetnt3
643 3895 753 3988 quatit
770 3892 825 3962 ille
844 3917 953 3964 sacrus
969 3893 1004 3962 in
1025 3907 1163 3986 pectora
1179 3892 1297 3985 pinus,

407 4013 682 4109 Sanguineosque
703 4029 793 4084 rotat
813 4015 939 4092 crines,
958 4029 992 4084 et
1012 4012 1154 4084 vulnera
1173 4037 1276 4084 cursu

407 4135 611 4204 Exanimat:
634 4151 736 4230 pavet
754 4137 864 4208 omnis
883 4159 973 4236 ager,
994 4159 1213 4232 respersaque
1231 4131 1351 4203 cultris
