3192 5148
309 511 330 540 Χ
372 521 424 578 ,ιδ
751 524 781 577 Ρ.
803 523 925 578 PUBLIl
946 522 1070 592 snm
1342 539 1372 590 (v.
1382 537 1435 588 ιω.)

436 651 481 718 At
496 661 529 716 te
543 663 734 716 nascentem
750 649 879 743 gremio
895 673 969 717 mea
985 649 1094 744 prima
1110 650 1235 742 recepit

387 766 618 860 Parthenope,
634 765 806 862 dulcisque
821 765 891 836 solo
909 781 945 836 tu
961 765 1068 862 gloria
1083 780 1199 836 nostro

386 887 537 978 Reptasti
555 912 563 954 ε
580 886 726 956 nitidum
742 885 921 982 consurgat
936 886 980 955 ad
994 887 1119 956 aethera
1134 886 1230 957 tellus

386 1004 528 1090 Eubois,
544 1018 577 1074 et
592 997 733 1100 p'ulchra
748 1020 882 1080 tumeat¹
893 1005 1029 1076 Sebetos
1045 1005 1206 1078 alumna:

388 1125 460 1192 Nec
476 1124 535 1192 tibi
552 1123 707 1194 sulfureis
722 1125 877 1193 Lucrinae
894 1125 1019 1194 Naides
1034 1127 1154 1214 antris,

387 1243 459 1311 Nec
477 1245 673 1339 qupeiani
691 1241 844 1336 placeant
859 1244 965 1339 magis
980 1246 1049 1313 otia
1065 1247 1173 1314 Sarni.

386 1361 449 1427 Eia
464 1385 541 1454 age,
558 1360 734 1458 praeclaros
748 1363 847 1430 Latio
863 1377 1041 1457 properate
1056 1379 1211 1458 nepotes,

387 1479 456 1567 Qui
474 1478 577 1574 leges,
594 1481 652 1570 qui
668 1493 776 1548 castra
791 1478 993 1580 legantaqui
1010 1484 1159 1552 carmina
1173 1483 1300 1554 ludant.

388 1598 560 1668 acceleret
575 1614 682 1694 partu,
692 1598 860 1669 decimum
875 1602 965 1670 bona
980 1603 1126 1695 Cynthia
1142 1629 1291 1674 mensem
1308 1621 1325 1674 τ’

388 1720 454 1788 Sed
469 1734 583 1814 parcat
597 1720 740 1814 Lucina,
757 1718 889 1814 precor!
908 1734 1012 1816 tuque
1029 1723 1104 1817 ipea
1119 1727 1250 1816 parenti

284 1927 293 1936 .
387 1844 506 1927 Parce,
521 1865 621 1935 puer;
637 1865 679 1910 ne
695 1838 831 1909 mollem
847 1855 997 1928 uterum,
1014 1867 1057 1912 ne
1072 1844 1194 1912 stantia
1210 1842 1308 1912 laedas

387 1965 542 2045 Pectora3
560 1973 822 2057 quumquetuos
837 1962 938 2030 tacito
954 1962 1084 2032 Natura
1101 1975 1244 2032 recessu'

387 2083 555 2149 Formarit
570 2073 704 2168 vultus,
721 2080 865 2182 multam
880 2081 921 2150 de
938 2079 1197 2176 patredecoris,
1221 2149 1224 2156 .

387 2199 466 2270 Plus
481 2200 522 2269 de
541 2213 647 2269 matre
662 2201 757 2269 feras.
774 2187 821 2270 At
833 2216 890 2284 tu,
908 2200 1135 2294 pulcherrima
1151 2203 1257 2272 forma
1271 2265 1274 2270 .

387 2319 562 2408 Italidum,
579 2320 715 2391 tandem
731 2321 852 2388 merito
869 2344 1018 2413 possessa
1032 2323 1169 2408 marito,

386 2438 506 2508 Vincla
523 2438 581 2506 diu
596 2440 733 2531 quaesita
749 2438 836 2507 fove.
854 2441 908 2508 Sic
925 2439 1049 2508 damna
1064 2439 1193 2511 decoris

387 2559 491 2632 Nulla
505 2560 582 2645 tihi;
598 2557 706 2653 longae
723 2558 846 2628 virides
865 2561 912 2628 sic
928 2560 1184 2654 florejuventae.

385 2679 574 2752 Perdurent
590 2677 717 2765 vultus,
735 2677 895 2772 tardeque
909 2679 979 2748 haec
994 2679 1103 2749 forma
1118 2679 1283 2752 senescat!
