3192 5148
461 531 623 589 nonam
644 525 887 588 armannum.
1176 532 1207 604 jx

152 661 377 755 morphoseon
401 657 517 728 Ovidii
536 657 638 727 hodie
659 657 823 727 seruntur.
849 660 902 727 De
924 681 958 728 sc
985 656 1138 752 loquitur
1165 661 1207 728 ad

152 779 277 849 librum
294 804 330 850 vr
350 778 560 862 Thebaidos,
584 804 617 874 p.
640 803 712 874 ²79
737 779 787 848 ed.
811 779 931 848 Crucei
951 803 958 846 :
979 776 1073 847 «Sed
1093 777 1134 846 de
1158 779 1208 850 his
1231 755 1232 762 .

152 901 252 970 rebus
274 892 331 994 (de
352 890 614 996 Antipodibus),
632 914 736 994 prout
755 901 892 992 ingenio
913 925 988 969 meo
1011 915 1208 970 connectere

152 1023 265 1116 potui,
284 1047 324 1090 cx
345 1020 439 1090 libris
458 1019 639 1090 ineffabilis
655 1020 818 1090 doctrina
838 1021 950 1088 Persei
972 1023 1209 1114 praeceptoris,

152 1166 303 1211 seorsum
333 1135 483 1211 libellum
505 1143 680 1235 composui
709 1141 916 1209 Lactantius.
932 1138 1128 1208 Placidus.»
1156 1141 1210 1210 Sic

151 1265 250 1334 MSS.
267 1263 529 1356 Lindenbrogii‚
549 1262 631 1332 dum
647 1276 728 1331 vett.
747 1261 822 1332 edd.
849 1265 970 1332 etms
990 1263 1094 1346 Pan's.
1110 1289 1117 1330 :
1136 1265 1210 1334 coe·

152 1385 221 1454 lius
234 1373 435 1456 Fi'rmzimus
447 1376 547 1454 det.
565 1385 663 1455 Ploo.
670 1436 682 1468 ‚
701 1383 825 1478 quib'us
840 1377 1090 1452 obversabatur*
1099 1383 1209 1454 clarus

152 1520 272 1576 auctor
294 1505 564 1586 Institutionum.
585 1503 651 1575 Alii
678 1529 755 1573 eum
778 1503 952 1599 appellant
973 1503 1138 1574 Lutatius
1157 1505 1210 1574 vel

152 1627 338 1696 Luctatt'rrs
361 1626 570 1710 Flendus,
600 1622 850 1720 refragantibus
878 1642 967 1696 certe
999 1628 1094 1696 MSS.
1130 1629 1211 1698 Non

150 1763 230 1817 ante
244 1771 319 1818 saec.
337 1773 373 1818 vr
387 1750 513 1843 scripta
527 1773 597 1817 esse
611 1747 682 1817 hoec
702 1747 829 1817 scholia
846 1763 1004 1844 possunt,
1027 1749 1150 1844 partim
1172 1771 1211 1817 ex

149 1872 286 1958 Servio,
304 1872 461 1966 Hygino,
480 1868 554 1960 aliis
573 1871 792 1955 concinnata3
811 1868 1031 1938 nihilominus
1046 1868 1212 1964 permulta

150 1991 251 2060 etiam
269 1993 411 2086 propria
423 1992 609 2059 continent.
624 1989 739 2059 Editio
750 1992 910 2084 princeps
923 2014 1058 2076 eorum,
1074 2001 1152 2084 ‘quae
1169 1990 1211 2059 ad
1275 1968 1277 1974 ¹

150 2111 358 2182 Thebaidem
375 2113 499 2206 scripta
519 2126 615 2196 sunt,
633 2115 856 2186 estRomono
868 2112 950 2208 anni
969 2106 1075 2207 14753
1092 2110 1212 2179 deinde

150 2235 193 2304 ab
214 2234 470 2328 Lindenbrogio
487 2260 527 2303 ex
541 2235 637 2303 MSS.
652 2231 828 2301 emendata
845 2246 940 2319 sunt,
959 2258 989 2306 a.
1015 2229 1122 2320 1600,
1142 2238 1211 2303 Ρα·
1277 2241 1280 2248 “

151 2357 410 2450 ns.,·postrema
428 2381 546 2425 eorum
559 2354 666 2423 'editio
689 2355 886 2436 Cruceana,
906 2378 936 2420 a.
963 2349 1066 2440 1618,
1077 2353 1211 2439 Pansa,

150 2476 274 2545 additis
292 2479 382 2546 notis
393 2465 649 2570 Lindenbrogii.
671 2477 742 2544 Nos
756 2476 977 2543 parisiensem
999 2477 1111 2568 Regia
1128 2473 1209 2544 bibl.

150 2597 301 2667 codicem
315 2625 367 2668 nr.
385 2595 503 2685 8063,
522 2597 597 2680 fot,
616 2598 780 2684 membr.‚
798 2621 871 2666 saec.
893 2622 937 2666 xv
954 2597 1117 2684 ineuntis,
1132 2623 1212 2666 con·

151 2718 308 2806 tulimus,
333 2717 523 2815 splendide,
553 2718 610 2788 sed
629 2709 844 2788 vitiosissime
870 2719 1035 2814 scriptum
1057 2746 1065 2788 :
1091 2709 1211 2787 nihilc'

150 2843 264 2910 miuus
284 2843 320 2910 in
340 2842 431 2910 notis
450 2829 574 2910 nostris
592 2856 643 2911 sat
659 2831 817 2936 magnam
836 2840 916 2910 inde
938 2841 1210 2910 emendationum

151 2961 287 3049 silvam,
306 2961 364 3038 ubi
384 2962 516 3031 occasio
533 2961 679 3050 ferebat,
698 2961 900 3056 productam
922 2961 1061 3031 videbis.
1144 2985 1147 2992 ’

201 3085 327 3152 Praeter
351 3081 423 3152 11100
450 3071 578 3151 scholia
606 3077 768 3180 Barthius'
794 3107 813 3151 e
839 3083 971 3152 duobus
994 3080 1091 3151 codd.
1114 3085 1212 3151 Statii

153 3227 238 3297 quos
255 3203 401 3272 versavit
418 3203 764 3296 antiquissimiseruit
778 3202 1093 3300 Glossogmpkum,
1111 3202 1213 3272 modo

151 3325 268 3418 paucis
294 3323 396 3392 modo
424 3313 579 3418 pluribus
605 3320 811 3393 difficiliores
842 3337 949 3419 poetae
966 3323 1148 3392 sententias
1160 3349 1213 3392 ex·

150 3433 353 3541 ponentem,
382 3459 451 3515 tam
480 3469 559 3514 vere
588 3443 790 3540 plerumque
817 3469 857 3514 ac
884 3443 1041 3532 feliciter,
1055 3458 1092 3513 ut
1118 3469 1213 3539 pane

151 3590 366 3636 succenseam
387 3567 490 3653 mihi,
512 3566 660 3659 quinon
683 3564 782 3660 plura
800 3565 879 3634 inde
900 3565 943 3634 ad
961 3563 1211 3634 dilucidandam

150 3685 304 3755 locorum
321 3687 548 3778 quorumdam
560 3687 801 3756 obscuritatem
819 3687 1051 3781 excerpserim.
1062 3683 1212 3755 Hiclicet

150 3831 221 3876 non
240 3820 308 3874 tam
324 3806 589 3876 docteexcurrat
606 3809 641 3875 in
658 3805 902 3902 mythologiam
922 3804 1071 3898 aliasque
1088 3829 1141 3874 res
1153 3830 1213 3874 an·

150 3913 281 4020 tiquas‚
294 3951 395 4019 quam
405 3929 619 4010 Lactantius,
637 3928 741 3996 verba
755 3942 865 3996 tamen
888 3941 922 3996 et
938 3926 1120 3996 sententias
1138 3927 1212 3994 Sta·
1261 3905 1270 3924 ⁷

149 4050 190 4117 tii
209 4045 317 4117 multo¹
333 4045 452 4118 melius
470 4048 634 4118 intellexit
651 4063 685 4118 et
704 4050 872 4144 exposuit.
1073 4152 1077 4164 1
1246 4143 1251 4156 1
1347 4121 1350 4126 Ι

199 4167 252 4238 Ad
272 4164 492 4239 Achilleidem
524 4171 694 4243 lactantii
723 4169 851 4240 scholia
877 4195 919 4242 ex
938 4169 1054 4239 codice
1077 4171 1131 4238 Fr.
1153 4169 1208 4238 Pi·
1249 4169 1252 4183 '
