3206 5136
158 493 273 560 (nath)
469 495 685 553 tumeamus
707 497 818 552 LIBER
839 495 898 550 tv„

158 625 267 690 Frena
284 632 398 688 tenent
408 670 418 706 ,
436 617 627 713 duplexque
645 621 773 688 inserto
789 615 912 687 missile
931 613 1041 701 nodo,

157 741 270 810 Exerti
288 744 438 834 ingentes
455 738 614 808 humeros
630 766 637 807 :
653 737 800 831 chlamys
815 733 953 807 horrida
971 727 1117 826 pendet,

157 866 203 930 Et
218 884 305 930 cono
322 857 460 928 Iedaeus
479 881 572 951 apex.
589 859 667 928 Non
688 859 724 926 hi
743 858 804 926 tibi
819 853 953 940 solnm,
1005 947 1009 954 ι

157 981 377 1075 Amphiarae,
394 994 526 1049 merent
541 1005 550 1046 z
565 992 665 1073 auget
683 979 842 1073 resupina
860 970 1024 1068 maniplos

157 1099 254 1170 Elis:
274 1099 436 1194 depressae
456 1096 601 1194 populns
622 1099 713 1168 subit
729 1095 838 1167 incola
852 1097 955 1180 Pisae,
1074 1158 1078 1166 .

158 1221 229 1310 Qui
247 1235 297 1307 te,
315 1217 421 1310 ssave,
440 1234 558 1290 natant
572 1221 689 1304 terris,
707 1217 855 1312 Alphee,
876 1217 1006 1286 Sicanis

157 1341 314 1426 Aduena,
332 1355 401 1410 tam
418 1339 522 1436 longo
539 1365 608 1411 non
625 1317 774 1434 unquam
791 1338 913 1408 infecte
930 1333 1108 1431 profundo.

158 1462 323 1533 Curribus
342 1461 529 1531 innumeris
545 1458 612 1530 late
629 1460 743 1554 putria
762 1483 841 1529 arva
861 1456 1043 1556 lacessunt,
1168 1509 1171 1514 .

157 1586 202 1652 Et
219 1581 311 1652 bellis
327 1596 478 1682 mmcnta
497 1582 635 1651 domant
653 1607 661 1647 :
679 1605 718 1650 ea
735 1579 840 1676 gloria
861 1579 953 1675 genti

159 1702 303 1772 Infando
319 1701 360 1772 de
378 1727 489 1789 more,
506 1717 539 1772 ct
555 1701 668 1772 fractis
688 1701 790 1771 durat
807 1701 848 1770 ab
866 1725 990 1794 usqucv

160 1825 289 1894 Axibus
305 1825 474 1896 OEnomai
491 1823 654 1894 :strident
673 1825 864 1919 spumantia
883 1845 999 1890 morsu

160 1943 323 2033 Vincula,
343 1961 378 2014 et
392 1943 529 2014 effossas
545 1945 662 2014 niveus
679 1946 766 2040 rigat
781 1944 888 2012 imber
907 1955 1034 2012 arenas.

208 2069 261 2134 Tu
280 2089 415 2159 quoque
429 2065 623 2136 Parrhasias
640 2066 757 2161 ignara
773 2078 881 2134 matre
892 2078 1045 2133 catervas

161 2186 216 2255 Ah
233 2184 328 2255 rudis
342 2211 529 2273 annornm,
547 2201 681 2256 tantum
699 2211 787 2256 nora
804 2185 910 2282 gloria
928 2183 1064 2269 suadet,

159 2305 418 2401 Parthenopaeo,
437 2309 526 2401 rapis
546 2335 555 2375 ι
574 2322 647 2377 tum
665 2306 769 2377 saltus
790 2308 877 2376 sorte
893 2318 1039 2374 remotos

159 2428 187 2495 T
188 2451 270 2496 orva
283 2451 421 2520 parens,
441 2451 551 2521 neque
565 2429 656 2498 enim
667 2428 740 2498 haec
751 2429 867 2521 juveni
881 2427 970 2496 soret
982 2426 1031 2494 ire
1046 2438 1208 2518 potestas,

160 2547 305 2617 Pacabat
323 2573 450 2638 cornu,
471 2548 638 2644 gelidique
656 2573 775 2618 aversa
792 2550 907 2642 Lycei.

159 2667 336 2740 Pulchrior
351 2669 442 2739 haud
461 2667 521 2739 ulli
541 2672 637 2740 triste
654 2670 697 2739 ad
715 2671 895 2740 discrimen
912 2671 1004 2738 ituro

160 2789 300 2878 Vultus,
315 2805 347 2859 et
364 2792 507 2886 egregiae
523 2805 616 2860 tanta
633 2790 843 2886 indulgentia
860 2792 998 2860 formae:

158 2913 230 2980 Nec
247 2911 369 2980 desunt
386 2911 510 3001 animi,
529 2913 643 2980 veniat
661 2912 763 2981 modo
785 2912 905 2982 fortior
923 2926 1011 2981 aetas.

158 3035 253 3122 Quos
271 3056 339 3102 non
357 3031 413 3103 ille
429 3033 532 3104 duces
551 3058 750 3120 nemorum,
771 3034 950 3127 fluviisque
965 3033 1075 3101 dicata

157 3155 323 3244 Numina,
340 3179 424 3249 quas
441 3179 566 3250 magno
582 3180 650 3225 non
670 3153 807 3252 impulit
822 3157 901 3249 igne
917 3152 1080 3249 Napaeas?

157 3279 289 3371 Ipsam,
305 3274 462 3348 Maenalia
480 3301 749 3372 puerum‘quum
767 3275 852 3344 vidit
872 3277 906 3344 in
930 3271 1074 3363 umbra,

157 3399 325 3487 Dianam,
346 3414 464 3469 tenero
480 3399 668 3494 signantem
685 3398 839 3494 gramina
860 3421 980 3492 passu,

135 3542 138 3548 ·
157 3520 333 3614 &novisse
350 3520 464 3590 ferunt
481 3521 616 3608 comiti,
635 3522 831 3614 Dictaeaque
849 3517 915 3589 tela

158 3642 287 3736 Ipsam,
309 3656 344 3711 et
358 3640 541 3735 Amyclaeas
557 3642 707 3712 humeris
726 3657 857 3736 aptasse
873 3641 1058 3735 pharetras.
1111 3723 1114 3730 ¹

206 3762 344 3834 Prosilit
357 3762 477 3834 audaci
497 3767 617 3862 Martis
637 3789 814 3859 percussus
834 3788 965 3849 amore,
1075 3835 1077 3838 .

158 3891 279 3971 Arma,
298 3886 396 3955 tubas
414 3885 532 3956 andire
552 3885 684 3974 calens,
707 3901 740 3956 et
760 3883 905 3981 pulvere,
921 3883 998 3955 belli

123 4097 128 4108 .
158 4006 352 4078 Flaventem
370 4007 506 4076 sordere
521 4031 674 4094 comam,
692 4023 861 4101 captoque
880 4007 997 4077 referri

159 4129 275 4198 llostis
296 4152 408 4223 equo:
425 4128 522 4198 taedet
541 4151 739 4219 nemorum,
759 4127 962 4223 titulumque
982 4143 1160 4197 nocentem
