3206 5136
377 475 460 579 302¹
488 529 490 532 ·
751 521 1054 578 sunonfflonss

413 638 503 711 Seque
515 639 579 710 ipsc
591 636 724 692 recedens
736 636 844 694 cuerit
860 635 897 714 (v.
913 637 971 696 60²
986 638 1051 714 eq).
1065 641 1175 716 Magno
1190 643 1344 700 verborum
1357 662 1425 700 ucu-

374 730 450 786 mine
461 729 557 804 pingit
573 728 705 804 'l'ydeum
720 748 781 788 sese
796 730 828 790 iu
845 749 949 807 gyrum
968 743 1141 804 vertentem,
1155 733 1226 792 dun
1245 737 1338 794 lmus
1355 737 1386 794 iu
1399 758 1427 794 sc

324 839 329 848 ·
372 824 461 895 jactus
476 822 570 879 evitat.
585 821 730 896 Explicuit
745 825 837 880 Gloss.

413 917 505 972 Pinea
518 917 659 972 nodosa...
673 916 776 974 robora
790 918 873 972 clava
891 912 930 993 (r.
948 915 1028 994 619).
1048 919 1261 978 verisimiliter
1278 921 1428 978 emendent

375 1009 516 1066 «nodosa
534 1009 627 1065 clavo.
638 1033 651 1058 ι

412 1102 582 1177 Sr'ngultr'bus
601 1111 714 1156 arctum
730 1101 876 1158 Extant
892 1103 1012 1160 thoraca
1028 1105 1114 1162 detor
1126 1102 1164 1182 (v.
1185 1103 1244 1162 633
1258 1105 1317 1184 sq.)
1340 1111 1426 1164 Recte

373 1196 514 1252 welserus
529 1196 662 1252 observat
676 1194 794 1252 thoraca
808 1193 855 1252 hic
869 1195 905 1252 de
918 1207 1036 1270 pectore
1050 1197 1143 1272 accipi
1150 1217 1212 1256 nou
1226 1219 1329 1274 posse,
1347 1213 1379 1258 ut
1392 1203 1427 1258 ab

373 1288 497 1363 interpp.
513 1289 634 1359 factum,
649 1287 700 1344 sed
717 1287 754 1344 de
768 1289 859 1346 lorica
877 1287 998 1360 debere,
1014 1315 1026 1342 ι
1041 1309 1209 1366 quuuqrmru
1230 1311 1264 1350 eu
1276 1293 1426 1368 rumpitur,

372 1400 434 1437 ιιοιι
457 1381 656 1438 exhauritur.»
677 1379 708 1436 Si
724 1379 811 1438 lectio
832 1399 914 1452 suna,
929 1380 1012 1438 verbi
1024 1382 1159 1440 minume
1178 1384 1233 1442 alin
1250 1384 1318 1442 iniri
1335 1387 1426 1461 expli-

373 1473 449 1530 catio
470 1491 532 1529 nou
553 1483 663 1548 potest,
677 1490 710 1530 ac
728 1474 872 1548 pulsando
891 1473 1113 1550 exercendoque
1137 1477 1235 1548 hssat,
1258 1478 1424 1555 fatigandi.

374 1583 450 1636 vrri,
471 1563 529 1622 388
544 1585 551 1620 ε
567 1587 582 1616 ι
596 1565 716 1623 Animus
731 1567 809 1623 ulna
822 1567 954 1624 thoraces
970 1567 1124 1626 anhelus.»

413 1665 455 1714 At
468 1659 515 1740 cui
524 1660 693 1715 vitarccens
701 1655 740 1736 (r.
756 1657 835 1738 fito).
845 1659 1052 1718 Valckenarius
1064 1661 1102 1718 ad
1115 1663 1184 1718 Eur.
1195 1663 1299 1719 Psoen.
1306 1703 1316 1732 ,
1333 1663 1405 1732 1451
1418 1687 1424 1722 :

373 1775 385 1802 ι
405 1757 444 1808 At
457 1751 506 1808 eui
518 1755 615 1827 plaga
628 1771 735 1810 recens
745 1777 758 1804 s

416 1845 495 1918 Quid
506 1847 618 1902 truridae
630 1847 755 1922 sequeris
771 1844 842 1923 (hoc
856 1847 960 1904 ordine
976 1856 1077 1905 ornnes
1091 1865 1172 1922 piene
1186 1849 1272 1905 codd.
1291 1839 1320 1906 et
1340 1853 1424 1928 Laut.)

373 1939 545 2013 compendia
566 1939 658 1995 vitoe?
672 1935 710 2017 (ι.
730 1937 810 2016 658.)
825 1939 998 2014 Simpliciter
1014 1941 1061 1996 lric
1081 1941 1251 2014 compendio
1270 1960 1327 2015 pro
1348 1945 1425 2000 lucro

374 2029 491 2086 dictum.
516 2031 675 2088 «iucunde
689 2033 855 2090 consolatur
874 2044 903 2088 et
919 2044 1015 2090 terret.
1038 2035 1170 2107 Namque
1189 2033 1246 2089 hoc
1263 2035 1426 2108 pollicetur,

372 2125 497 2196 nullum,
517 2125 541 2181 si
560 2125 598 2182 ed
615 2125 692 2183 bellu
714 2126 863 2198 venerint,
881 2145 1035 2184 evasurum
1054 2123 1106 2204 (ita
1119 2126 1184 2182 cod.
1202 2125 1360 2202 Paris..)1n
1376 2131 1425 2186 huc

373 2226 468 2272 autem
486 2229 568 2291 purte
583 2215 629 2295 (in
646 2217 720 2274 huuc
741 2215 889 2296 partemi)
906 2218 930 2275 si
947 2218 1126 2290 consideres,
1144 2218 1294 2291 provisum
1313 2221 1367 2277 tihi
1388 2233 1426 2278 m

373 2309 454 2382 quod
467 2329 545 2367 nunc
559 2311 679 2367 moreris
692 2307 744 2388 (sic
766 2307 859 2388 cod),
878 2329 916 2366 ne
936 2311 1063 2388 graviori
1081 2311 1223 2385 supplicio
1241 2315 1425 2370 resono-in·

373 2401 479 2473 Lsor„
494 2403 546 2477 qui
559 2404 628 2480 legit
641 2403 706 2462 adr.
721 2402 828 2460 timide.

415 2495 553 2570 Clypeum
570 2513 623 2552 nec
635 2497 754 2551 susnnet
772 2496 855 2552 umbo
873 2496 1017 2552 Metulum
1034 2497 1135 2570 spoliis
1150 2496 1188 2572 (v.
1206 2496 1262 2568 671
1281 2496 1337 2576 sq.)
1355 2502 1426 2556 liele

373 2589 455 2643 umbo
469 2587 612 2662 explicant
627 2589 778 2661 humerus,
793 2587 945 2645 brachium
967 2599 1017 2645 eut
1034 2607 1150 2660 manus,
1171 2589 1239 2664 quia
1257 2591 1295 2647 de
1315 2610 1426 2668 qunque

372 2680 565 2755 prominentia
582 2681 702 2738 dicutur.
718 2684 752 2739 ln
766 2683 922 2739 umbonem
938 2693 1045 2739 coeunt
1053 2683 1164 2739 luminae
1178 2684 1288 2758 clypci;
1304 2688 1426 2761 quureis

373 2781 450 2831 reot‘e
469 2773 576 2831 dieitur
596 2777 734 2832 sustinete
753 2778 903 2851 clypeum
916 2779 1014 2850 spolia
1034 2787 1131 2834 autem
1147 2779 1293 2851 appeltam
1315 2779 1426 2838 videtur

372 2867 466 2925 hostes
480 2868 606 2924 hostium
626 2869 728 2944 clypeo
747 2868 858 2927 infixus.
874 2869 1019 2928 Sententia
1032 2868 1120 2946 igitur
1139 2871 1199 2926 heo
1212 2883 1256 2928 est
1271 2893 1279 2928 :
1298 2875 1362 2930 lam
1376 2873 1426 2930 de-

373 2961 507 3037 fatigatus
519 2960 602 3018 tarde
615 2961 819 3037 progreditur,
833 2963 915 3020 tarde
930 2963 1011 3033 ferit,
1024 2981 1121 3037 neque
1134 2965 1256 3038 amplius
1270 2966 1336 3022 usui
1348 2979 1390 3024 est
1402 2967 1426 3022 ei

373 3054 490 3128 clypeus
505 3071 716 3130 usquequaque
735 3055 901 3128 perforatus
915 3065 944 3112 et
955 3054 1062 3112 lanceis
1077 3055 1204 3114 adversis
1220 3069 1350 3116 onustus
1364 3062 1427 3116 lite-

373 3147 427 3203 lius
452 3157 528 3204 certe
548 3147 605 3204 lroc
628 3167 718 3222 quum
737 3157 849 3206 veteres
870 3147 1090 3223 explicationes,
1112 3168 1235 3224 quarum
1254 3153 1334 3210 nullu
1357 3171 1426 3226 pro·

373 3237 459 3295 cedit.

413 3334 562 3408 Multaque
575 3335 669 3408 open's
684 3334 809 3414 caligine
818 3337 938 3408 plemen
950 3332 989 3413 (v.
1003 3331 1082 3411 685).
1100 3335 1158 3392 «ld
1171 3347 1213 3392 eet
1231 3337 1320 3396 nimiu
1337 3338 1426 3396 felici-

372 3437 430 3483 tate
448 3428 552 3484 mentis
566 3437 751 3492 ocooecatum,
767 3428 897 3505 Calr'gr'ere
909 3428 1001 3499 dixit,
1016 3427 1085 3503 quia
1099 3447 1160 3486 nou
1174 3431 1370 3506 prospiciebat
1382 3432 1426 3488 iu-

373 3521 447 3576 tura'
456 3519 615 3594 periculus
628 3521 717 3576 Lecr.

418 3612 483 3666 Vno
497 3614 560 3668 mis.
576 3613 661 3668 inerti
673 3614 837 3668 Damnatus*
847 3611 886 3690 (r.
901 3609 981 3691 695).
996 3615 1073 3674 Beue
1087 3614 1182 3670 unu.
1199 3624 1229 3672 et
1242 3616 1397 3672 Burmann.
1411 3634 1426 3669 e

373 3703 449 3776 conj.
460 3723 468 3758 ι
481 3707 559 3760 orloe.

413 3797 453 3852 Et
457 3795 574 3870 fructas
588 3797 720 3853 membris
733 3817 778 3872 sp.
795 3797 896 3854 lastae
911 3794 950 3876 (v.
970 3795 1047 3876 7¹²)·
1063 3800 1137 3856 Dan.
1151 3798 1285 3856 Heinsius
1294 3799 1332 3856 ad
1340 3801 1424 3856 Clau-

373 3888 448 3946 dinu.
460 3891 544 3963 liupr.
556 3885 653 3958 Pron,
670 3908 727 3962 ιιι,
746 3889 817 3962 366,
830 3909 868 3948 en
880 3892 961 3948 MSS.
976 3911 984 3948 ι
998 3901 1192 3963 «ermerus»,
1204 3909 1262 3966 pro
1275 3904 1425 3962 extinctu,

373 3981 455 4056 quod
469 3983 660 4040 necessarium
679 3993 729 4040 eet.
748 3985 886 4042 Probuvit
900 3985 985 4042 etium
997 3985 1119 4056 Maeli,
1136 3995 1166 4042 et
1184 3985 1224 4041 itu
1237 3987 1309 4062 ling.
1329 4005 1350 4041 ι.

412 4077 586 4133 Rementem
603 4075 641 4154 (v.
660 4075 739 4154 723).
756 4079 927 4154 «Equorum
945 4078 1155 4135 exhortufione.
1170 4101 1182 4128 s
1197 4079 1298 4135 Gnoso.

414 4171 482 4225 Meo
495 4171 619 4246 quaesita
635 4171 729 4226 revexi
743 4172 887 4248 Sanguine
900 4168 939 4249 (v.
950 4167 1028 4249 934).
1042 4170 1164 4248 Egregie
1172 4170 1219 4226 lrio
1233 4189 1270 4227 ex
1283 4181 1343 4247 opt.
1363 4169 1424 4226 cod.
