3200 5142
410 504 465 566 ant
711 491 928 548 Tfleesluos
951 490 1066 546 Linus
1089 489 1141 544 111.
1347 486 1451 550 (cusi

409 625 522 694 Nocte
541 619 631 687 subit
651 644 804 712 campos,
826 631 1000 710 versatque
1025 616 1059 682 in
1077 613 1239 710 sanguiue
1261 612 1411 681 sunctum

413 739 563 835 Vulgus,
584 753 616 809 et
633 736 785 832 explorat
802 761 933 822 manes,
953 737 1008 804 cui
1028 734 1175 830 plurima
1192 734 1294 804 busto

410 866 558 956 Imperet
578 859 621 930 ad
638 862 785 955 Superos
803 885 811 927 ε
829 859 1019 926 animarum
1037 871 1153 926 moesta
1172 869 1361 951 queruntur

411 980 583 1070 Concilia,
598 996 634 1050 et
652 983 740 1075 nigri
759 995 856 1077 pater
867 978 1063 1074 indignatur
1081 981 1218 1048 Averni.

460 1101 514 1172 llli
535 1103 568 1172 in
586 1126 715 1174 secessu
734 1102 862 1198 pariter
879 1101 941 1170 sub
958 1125 1043 1195 rupe
1061 1099 1219 1194 jacebant

412 1222 554 1312 Felices,
574 1249 659 1318 quos
678 1249 745 1292 una
763 1223 847 1312 dies,
866 1247 984 1292 nianus
1000 1219 1138 1293 abstulit
1156 1247 1240 1311 una,

414 1347 533 1417 Pervia
551 1343 746 1414 vulneribus
764 1343 873 1413 media
893 1347 986 1414 trabe
1003 1359 1141 1440 pectora
1157 1345 1244 1413 nexi.

415 1471 463 1538 Ut
483 1465 584 1554 vidit,
602 1463 824 1559 lacrymisque
846 1463 935 1535 oculi
957 1481 1096 1560 patuere
1114 1465 1285 1562 profusis:
1397 1485 1401 1490 ·

463 1592 604 1659 «Hosne
615 1612 688 1682 ,ego
706 1585 920 1682 complexus,
939 1589 1098 1682 genitrix,
1113 1587 1183 1657 haec
1199 1585 1330 1674 oscula,
1349 1585 1430 1672 nati,

414 1714 535 1780 Vestra
553 1708 648 1779 tuor?
664 1708 712 1778 sic
734 1733 791 1776 vos
808 1723 959 1776 extremo
975 1709 1009 1776 iu
1026 1708 1092 1777 fine
1111 1706 1228 1804 ligavit

416 1831 596 1926 Ingenium
615 1825 752 1900 crudele
770 1829 878 1897 necis?
895 1853 969 1923 quae
986 1827 1125 1899 vulnera
1143 1843 1299 1918 tractem,

416 1955 502 2044 Quae
523 1953 616 2048 prius
633 1976 693 2021 ora
713 1949 885 2045 premam?
901 1975 1003 2020 vosne
1022 1951 1078 2021 illa
1097 1952 1247 2048 potentia
1264 1949 1394 2037 matris,

418 2079 488 2148 Vos
506 2076 593 2144 uteri
611 2073 747 2142 fortuna
760 2071 849 2142 mei?
866 2097 933 2166 qua
950 2087 1087 2169 tangere
1103 2075 1208 2145 Divos

419 2196 542 2284 Rebar,
561 2209 594 2263 et
615 2195 763 2290 Ogygias
786 2192 892 2262 titulis
909 2195 1036 2264 anteire
1058 2211 1223 2289 parentes.

418 2321 462 2389 At
479 2331 607 2413 quanto
629 2313 966 2409 melius,'dextraque
984 2317 1019 2384 in
1037 2332 1126 2387 sorte
1143 2319 1287 2414 jugato,

419 2438 505 2530 Quis
522 2435 649 2508 steriles
669 2435 826 2524 thalami,
845 2435 1005 2530 nulloque
1021 2436 1150 2510 ululata
1170 2438 1287 2510 dolore
1314 2455 1317 2460 “

420 2561 580 2655 Respexit
597 2559 727 2628 Lucina
746 2555 903 2628 domum!
923 2559 1006 2629 mihi
1023 2543 1150 2657 quippe
1165 2545 1332 2632 malorum

420 2665 531 2754 Causa
546 2679 642 2750 labor
659 2705 667 2749 ε
686 2678 743 2749 sed
761 2705 822 2750 nec
839 2663 1004 2751 bellorum
1027 2684 1062 2752 in
1081 2681 1155 2753 luce
1173 2685 1301 2779 patenti

420 2803 603 2902 Conspicui
620 2802 730 2890 factis,
751 2817 941 2896 aeternaque
958 2803 1115 2900 gentibus
1134 2808 1227 2896 ausi,
1315 2781 1322 2798 ι

421 2926 595 3013 Quaesistis
612 2925 739 2994 misera·
756 2922 879 2992 vulnus
894 2923 1110 2995 memorabile
1128 2929 1249 3014 mutri3

421 3047 485 3116 Sed
503 3059 644 3116 mortem
656 3045 848 3133 obscuram,
866 3045 1122 3141 miserandaque
1138 3046 1256 3117 lunera
1270 3049 1370 3144 passi.

421 3175 495 3240 Heu
513 3183 658 3262 quantus
671 3152 767 3236 'furto
785 3191 897 3254 cruor,
915 3183 949 3237 et
965 3169 1037 3238 sine
1053 3167 1152 3238 laude
1166 3167 1301 3264 jacetis!

422 3291 517 3382 Quin
533 3315 596 3386 ego
616 3311 684 3356 non
704 3287 838 3358 dextras
857 3290 986 3359 miseris
1004 3289 1235 3384 complexibus
1249 3292 1357 3360 ausim

421 3409 597 3500 Dividere,
615 3425 649 3479 et
666 3411 749 3479 tanti
771 3413 940 3480 consortia
959 3437 1116 3507 rumpere
1135 3411 1215 3483 leti:

423 3535 475 3602 Ite
492 3533 551 3603 diu
568 3532 707 3620 fratres,
720 3530 967 3626 indiscretique
983 3536 1147 3628 supremis

422 3657 577 3750 Ignibus,
598 3671 632 3725 et
648 3679 744 3725 caros
763 3680 849 3723 urna
868 3650 1063 3722 confundite
1081 3673 1207 3718 manes.

470 3780 541 3848 Nec
561 3778 669 3845 minus
690 3772 962 3868 interea‘digesta
981 3785 1090 3864 strage
1109 3793 1248 3838 suorum

421 3899 510 3968 Hinc
527 3897 736 3967 Chthonium
755 3895 889 3988 conjux,
910 3893 989 3961 hinc
1009 3905 1118 3960 mater
1131 3879 1280 3959 Penthea
1296 3887 1424 3960 clamat

421 4020 603 4116 Astyoche,
624 4018 788 4115 puerique
801 4013 900 4084 rudes
915 4027 994 4098 tua,
1012 4009 1198 4100 Phaedime,
1212 4007 1323 4105 proles

424 4141 591 4213 Amissmn
612 4139 760 4210 didicere
775 4152 924 4232 patrem,
946 4135 1177 4229 Marpissaque
1192 4147 1326 4227 pactum
