3080 5136
86 433 126 496 (v.
145 433 221 498 σῳ.)
411 427 670 496 scmauunos
691 428 804 486 crasa
826 429 850 485 1.
1098 447 1155 508 ²79

85 559 299 653 Sanguinis,
321 571 353 626 et
375 579 472 628 veros
489 579 651 652 germana
671 555 805 649 expavit
823 578 962 624 amores.

85 679 251 750 Tandem
271 677 394 748 detecti
414 675 539 751 timidas
556 675 721 756 Nereidos
737 691 839 746 astus.

145 803 265 872 Lucus
282 799 450 894 Agenorei
471 795 624 874 sublimis
645 797 687 868 ad
707 798 802 892 orgia
820 797 943 868 Bacchi

88 922 234 1011 Stabat,
254 935 290 992 et
306 920 490 994 admissum
510 918 595 990 coelo
615 943 732 995 nemus
753 945 761 987 ι
782 918 883 1011 hujus
903 915 1075 988 inumbra

90 1043 282 1118 Alternum
299 1065 458 1113 revocare
476 1042 538 1134 pite
556 1041 741 1114 Trieterica
757 1055 880 1111 matres

90 1168 334 1254 Consuerant,
354 1163 562 1256 scissumque
584 1183 702 1255 pecus,
722 1176 879 1256 terraque
899 1159 1048 1230 revulsas

92 1293 201 1358 Ferre
221 1285 353 1372 trabes,
373 1297 555 1379 gratosque
572 1285 648 1368 Deo
665 1297 823 1378 praestare
841 1281 981 1352 furores.

91 1414 170 1480 Lex
190 1403 309 1501 procul
330 1405 379 1484 ire
399 1429 537 1474 mares:
557 1405 657 1475 iterat
679 1418 847 1500 precepta
867 1402 1031 1472 verendus

93 1527 539 1618 Ductor‚inaccessumque
556 1524 639 1604 viris
658 1522 802 1606 edicitur
822 1538 969 1596 antrum.

94 1651 170 1720 Nec
187 1649 267 1718 satis
286 1661 339 1716 est
357 1671 365 1715 :
382 1659 449 1716 stat
465 1644 534 1714 fine
549 1644 628 1715 dato
645 1643 827 1714 metuenda
842 1644 1015 1732 sacerdos,

95 1766 329 1863 Exploretque
343 1765 471 1855 aditus,
488 1790 532 1836 ne
549 1766 625 1858 quis
647 1779 829 1837 temerator
843 1765 980 1836 oberret

95 1889 245 1983 Agmine
263 1887 409 1959 femineo
429 1912 437 1955 ε
457 1887 581 1958 tacitus
598 1886 737 1959 subrisit
755 1883 912 1970 Achilles.

96 2009 220 2097 lllum,
238 2009 397 2103 virgineae
411 2007 589 2076 ducentem
607 2008 703 2102 sigua
722 2020 878 2094 catervae,

99 2131 297 2224 Magnaque
314 2127 442 2202 difficili
459 2126 644 2199 solventem
662 2127 800 2199 brachia
817 2141 929 2208 motu,

101 2252 117 2342 (v
124 2255 170 2319 Et
185 2274 282 2320 sexus
296 2250 425 2343 pariter
440 2248 555 2336 decet,
573 2249 797 2328 etmendacia
815 2247 973 2344 matris),

102 2372 275 2438 Mirantur
291 2371 430 2452 comites
450 2395 458 2438 :
477 2394 539 2460 nec
551 2367 869 2468 jampttlchcrrima
887 2369 993 2439 turbae

103 2492 281 2561 Deidamia
301 2516 385 2579 sure,
405 2505 605 2584 tantumque
622 2491 758 2565 admota
775 2490 921 2584 superbo

104 2614 263 2685 Vincitur
280 2612 435 2697 AEacide,
454 2627 621 2706 quantum
641 2613 765 2705 premit
781 2613 853 2706 ipsa
873 2635 1016 2682 sorores.

105 2735 155 2802 Ut
172 2758 250 2802 vero
269 2757 290 2802 a
309 2734 405 2803 tereti
423 2731 558 2802 demisit
578 2729 719 2802 nebrida
738 2730 845 2820 collo,

106 2856 332 2946 Errantesque
351 2853 445 2922 sinus
463 2850 592 2920 hedera
606 2849 762 2945 collegit,
782 2866 816 2922 et
833 2851 902 2924 alte

107 2974 221 3042 Cinxit
239 2975 420 3068 purpureis
437 2971 595 3042 flaventia
617 2986 769 3066 tempora
789 2975 897 3061 vittis,

107 3092 326 3186 vibravitque
343 3092 436 3187 gravi
453 3091 647 3162 redimitum
664 3091 787 3162 missile
804 3092 939 3178 dextra3

110 3213 262 3284 Attonito
277 3227 345 3282 stat
364 3211 463 3283 turba
483 3227 594 3301 metu,
614 3214 784 3306 sacrisque
802 3211 929 3284 relictis

109 3330 206 3402 'Illum
224 3333 351 3404 ambire
366 3330 466 3423 libet,
487 3357 681 3427 pronosque
701 3330 853 3404 attollere
871 3332 994 3405 vultus.

110 3452 213 3543 Talis,
230 3455 289 3525 ubi
307 3455 350 3526 ad
369 3456 501 3532 Thebas
521 3456 721 3552 vultumque
742 3458 967 3552 animumque.
980 3458 1107 3526 remisit

111 3576 225 3662 Evius,
240 3589 274 3643 et
290 3577 403 3671 patrio
420 3580 555 3648 satiavit
573 3593 713 3674 pectora
730 3577 831 3666 luxu3
884 3603 888 3611 ·

112 3696 202 3765 Serta
215 3697 338 3785 comis,
353 3699 557 3792 mitramque
570 3698 673 3786 levat,
688 3699 908 3793 thyrsumque
923 3701 1086 3770 virentem

113 3817 245 3901 Armat,
266 3831 300 3885 et
317 3817 454 3888 hostiles
473 3819 587 3890 invisit
606 3819 724 3890 sortior
743 3817 856 3889 Indos.

159 3936 345 4007 Scandebat
365 3963 462 4010 roseo
477 3938 580 4009 medii
601 3939 733 4036 fastigia
754 3939 829 4010 coeli

115 4060 206 4148 Luna
220 4059 324 4154 jugo,
346 4062 426 4130 totis
443 4060 501 4130 ubi
521 4085 659 4132 somnus
677 4063 820 4132 inertior
839 4061 899 4132 alis
938 4073 945 4083 ”
