3206 5136
261 671 263 674 Ι
383 762 930 894 rnnnlruos

442 1103 592 1170 arnan
618 1103 861 1189 QUARTUS.

129 1380 303 1507 Tanarus
321 1438 513 1506 horrentem
531 1437 690 1531 Zephyris
710 1434 877 1506 laxaverat
896 1459 1020 1506 annum

127 1555 298 1644 Phoebus,
317 1569 351 1624 et
367 1570 547 1652 angustum
567 1555 705 1650 cogebat
723 1555 829 1626 limite
845 1579 950 1624 verno

128 1677 283 1772 Longius
301 1676 349 1744 ire
368 1676 475 1762 diem,
494 1701 599 1769 quum
615 1675 719 1745 fracta
737 1673 947 1769 impulsaque
962 1675 1039 1746 l'atis

129 1794 298 1879 Consilia,
315 1811 348 1864 et
363 1796 497 1866 tandem
515 1796 642 1866 miseris
662 1795 740 1864 data
757 1797 854 1890 copia
873 1793 960 1865 belli.

128 1915 246 1985 Prima
264 1895 366 1986 manu
384 1915 521 1986 rutilam
538 1913 580 1984 de
598 1916 723 1985 vertice
739 1917 900 1988 Lutuaeo

129 2033 292 2104 Ostendit
307 2033 445 2105 Bellona
462 2035 585 2122 facem,
604 2033 787 2129 dextraque
804 2034 966 2106 trabalem

129 2159 269 2224 Hastam
283 2156 416 2224 intorsit
429 2179 545 2250 agens,
563 2153 692 2248 liquido
708 2177 782 2247 quae
795 2153 935 2225 stridula
953 2153 1037 2224 coelo

128 2275 254 2370 Fugit,
270 2288 303 2342 et
323 2273 469 2362 adversae
489 2273 576 2344 celso
593 2275 686 2343 stetit
703 2297 822 2369 aggere
838 2274 974 2344 Dirces..

181 2397 264 2464 Mox
281 2408 315 2464 et
331 2372 439 2462 castra
460 2395 567 2482 subit,
585 2394 759 2488 ferroque,
776 2417 924 2487 auroque
941 2394 1086 2464 coruscis

129 2515 241 2584 Mixta
260 2515 355 2601 viris,
375 2513 519 2584 turmale
537 2514 671 2582 fremit:
687 2513 745 2582 dat
762 2515 920 2591 euntibus
938 2539 1048 2604 enses;

129 2633 267 2705 Plaudit
285 2659 404 2728 equos;
421 2649 521 2705 vocat
536 2633 576 2704 ad
595 2649 731 2728 portas:
748 2635 937 2704 hortamina
957 2634 1058 2704 sortes

128 2757 363 2844 Praeveuiunt3
381 2753 574 2847 timidisque
589 2751 688 2822 etiam
706 2753 816 2822 brevis
831 2753 944 2823 addita
963 2755 1076 2824 virtus.

181 2879 280 2947 Dicta
298 2874 369 2944 dies
388 2875 526 2944 aderat:
545 2873 633 2942 cadit
651 2877 766 2967 iugens
783 2876 846 2941 rite
865 2874 1010 2942 Tonanti

129 2996 348 3091 Gradivoque
364 3019 482 3090 pecus;
500 2991 667 3087 nullisque
686 2992 851 3063 secundus
870 2995 904 3061 in
924 2993 1008 3061 extis

128 3116 254 3205 Pallet,
273 3133 306 3185 et
324 3116 460 3186 armatis
479 3111 614 3184 simulat
633 3137 766 3207 sperare
785 3111 948 3181 sacerdos.

178 3246 319 3333 Jamque
335 3263 413 3308 suos
431 3239 556 3307 circum
577 3237 691 3330 pueri,
710 3235 943 3327 innuptaque,
961 3246 1150 3326 patresque,

128 3359 334 3430 Funduntur
350 3359 463 3444 mixti,
481 3356 687 3447 summisque
702 3377 723 3422 a
740 3352 892 3447 postibus
910 3351 1055 3420 obstant.

128 3483 202 3552 Nec
222 3481 341 3551 modus
357 3494 408 3548 est
426 3477 581 3572 lacrymis
597 3501 605 3544 :
623 3488 742 3545 rorant
755 3473 948 3567 clypeique,
966 3469 1121 3564 jubesque

125 3604 238 3672 Triste
255 3600 478 3680 salutantum,
497 3612 531 3668 et
549 3597 678 3667 cunctis
696 3593 861 3689 dependet
879 3592 921 3660 ab
940 3591 1041 3660 armis

118 3721 331 3818 Suspiranda
349 3721 493 3790 domus:
509 3716 609 3814 galeis
624 3717 721 3812 juvat
738 3712 852 3786 oscula
868 3711 989 3782 clausis

124 3847 298 3931 Insererc,
316 3841 540 3939 amplexuque
555 3856 668 3912 truces
686 3839 854 3909 deducere
874 3861 986 3908 conos.

124 3967 199 4054 Illi,
220 3967 295 4061 quls
315 3967 442 4036 serrum
462 3963 579 4046 modo,
597 3960 672 4056 quis
689 3985 779 4030 mors
799 3961 870 4053 ipsa
889 3957 1058 4052 placebat,

124 4095 218 4160 Dant
235 4090 398 4184 gemitus3
418 4086 600 4177 fractaeque
620 4081 732 4150 labant
752 4077 956 4175 singultibus
974 4077 1039 4146 irae.

271 4234 306 4278 il·
996 4221 1008 4264 1
