3080 5136
83 479 115 545 p.
133 477 203 540 ω.)
370 471 628 528 xcnrnnnmos
652 471 766 529 anna
788 475 826 528 11.

83 610 186 695 Quae,
200 605 256 672 vix
272 597 388 669 audito
404 596 479 667 litui
494 595 671 692 clangore,
694 598 819 695 refugit

83 731 129 796 Et
144 725 285 807 Thetin,
306 736 341 790 et
357 721 511 807 comites,
527 734 562 788 et
577 744 662 814 quos
678 736 908 814 suppresserat
928 723 1044 818 ignes?

83 851 159 918 Nec
169 861 324 916 nostrum
339 857 406 930 est,
423 839 515 935 quod
538 842 574 909 in
594 863 687 910 arma
706 843 818 929 venis,
836 846 1050 938 sequerisque
1065 871 1143 940 pre·

280 979 409 1054 cantes5

85 1093 244 1161 Venisses
265 1087 367 1159 ultro.
386 1117 403 1152 n
423 1087 535 1176 Quem
552 1083 677 1156 talibus
694 1103 840 1183 occupat
855 1089 954 1158 heros

86 1210 239 1284 AEacides
258 1237 266 1279 :
282 1239 299 1274 α
315 1214 471 1304 Longum
489 1223 541 1277 est
556 1206 682 1278 resides
703 1234 871 1304 exponere
887 1235 1019 1293 causas,

85 1337 349 1426 Maternumque
369 1313 462 1399 nefas
480 1356 489 1398 t
506 1331 572 1400 hoc
590 1329 805 1398 excusabitur
826 1355 905 1400 ense

86 1457 225 1548 Scyros,
243 1467 277 1521 et
291 1450 485 1540 indecores,
502 1452 651 1520 latorum
666 1453 827 1538 crimina,
843 1451 964 1521 cultus.

86 1579 141 1644 Tu
154 1576 281 1668 potius,
295 1571 375 1642 dum
388 1570 462 1642 lene
476 1571 615 1660 fretum,
626 1572 854 1667 zephyrisque
866 1573 1022 1642 feruntur

89 1695 257 1782 Carbasa,
274 1719 348 1789 quae
363 1694 492 1763 Danais
506 1693 591 1762 tanti
606 1691 791 1787 primordia
806 1691 901 1782 belli,

85 1815 160 1886 Ede
178 1843 186 1885 :
209 1814 290 1885 libet
303 1816 411 1911 justas
430 1815 511 1883 hinc
529 1837 661 1884 sumere
677 1816 832 1908 protinus
847 1817 924 1885 iras.
940 1847 956 1880 »
978 1839 981 1846 ·

88 1937 154 2007 Hic
171 1937 307 2007 Ithacus
323 1933 475 2030 paullum
494 1936 640 2028 repetito
654 1933 790 2030 longius
809 1960 887 2004 orsu
907 1962 915 2003 τ

88 2089 107 2122 a
125 2059 297 2127 Ferturiu
318 2061 504 2144 Hectorea,
519 2057 554 2125 ¹si
573 2054 654 2125 talia
675 2056 859 2146 credimus,
875 2082 935 2126 ora

87 2178 224 2250 Electus
241 2178 358 2248 sormae
373 2179 559 2248 certamina
578 2175 706 2247 solvere
724 2194 840 2272 pastor

90 2296 258 2368 Sollicitas
281 2299 425 2368 tenuisse
444 2298 539 2386 deas,
557 2323 619 2367 nec
636 2313 731 2367 torva
747 2301 909 2368 Minervae

89 2424 178 2506 Ora,
197 2445 257 2489 nec
272 2420 409 2489 aetherei
425 2419 550 2489 sociam
568 2421 725 2507 rectoris,
739 2421 847 2489 amico

91 2542 251 2625 Lumine,
265 2539 324 2610 scd
342 2538 450 2612 solam
464 2541 606 2610 nimium
624 2539 748 2610 vidisse
763 2544 911 2611 Dionen.

89 2667 200 2755 Atque
216 2660 300 2730 adco
315 2660 356 2730 lis
370 2663 434 2731 ista
450 2661 517 2731 tuis
534 2676 651 2731 exorta
669 2662 732 2731 sub
748 2663 855 2732 antris

89 2781 244 2853 Concilio
263 2785 451 2878 Superum,
472 2781 554 2851 dum
570 2780 668 2851 Pelea
684 2780 783 2851 dulce
801 2787 938 2853 maritat

89 2902 226 2991 Pelion,
245 2918 279 2972 et
295 2904 420 2972 nostris
435 2904 505 2997 jam
527 2917 607 2972 tunc
625 2904 833 2996 promitteris
849 2906 961 2974 armis.

91 3028 146 3093 lra
165 3025 274 3118 quatit
295 3025 399 3093 victas
419 3050 428 3092 ι
448 3025 535 3117 petit
553 3021 699 3093 exitialia
715 3022 818 3116 judex

89 3145 232 3214 Praemia
249 3170 258 3212 z
276 3145 405 3238 raptori
420 3142 533 3214 faciles
550 3159 784 3214 monstrantur
799 3145 955 3240 Amyclae.

89 3261 152 3332 llle
166 3264 316 3359 Phrygas
334 3261 450 3353 lucos,
467 3265 582 3334 matris
603 3264 787 3360 penetralia
804 3266 901 3340 caedit

89 3384 295 3480 Turrigerae,
315 3387 503 3479 vetitasque
523 3384 594 3456 solo
613 3387 832 3481 procumbere
852 3389 952 3482 pinus

90 3505 296 3599 Praecipitat,
314 3520 485 3600 terrasque
502 3506 588 3577 freto
607 3506 737 3578 delatus
753 3511 890 3580 Achaeas

90 3625 241 3720 Hospitis
256 3625 401 3715 Atridae,
419 3626 523 3722 pudet
539 3629 624 3715 heu,
643 3631 846 3724 miseretque
863 3636 1010 3727 potentis

89 3743 254 3839 Europe!
276 3744 401 3840 spoliat
419 3746 601 3838 thalamos,
621 3748 816 3844 Helenaque
835 3755 1001 3848 superbus

91 3867 255 3963 Navigat,
275 3883 308 3936 et
327 3883 443 3963 captos
461 3868 504 3938 ad
523 3873 687 3966 Pergama
705 3871 840 3943 devehit
859 3877 976 3971 Argos.

91 3985 177 4055 lnde
195 3986 274 4057 dato
291 3992 414 4082 passim
432 3991 542 4061 varias
561 4017 698 4063 rumore
716 4020 776 4089 per
798 3997 914 4085 urbes,

94 4107 251 4201 Undique
272 4111 410 4180 inexciti
433 4113 496 4181 sihi
517 4115 659 4208 quisque
680 4130 713 4183 ct
731 4133 851 4211 sponte
870 4119 998 4188 coimus
