3192 5148
403 535 439 592 52
765 540 794 594 Ρ.
815 539 937 596 PUBLII
957 539 1080 596 S‘rs‘rn

401 658 509 748 Sedis,
525 675 558 729 et
575 659 674 730 illaesa
688 663 822 732 tutabor
838 678 1014 756 utramque
1030 677 1170 731 senecta.

399 782 443 848 Et
463 781 573 868 Jovis,
590 795 623 850 et
641 782 756 850 Phoehi
773 781 927 870 frondes,
948 791 981 850 et
997 779 1142 850 discolor
1158 783 1276 850 umbra

397 897 562 994 Populus,
584 913 617 969 et
633 915 752 970 nostre
769 915 926 996 stupeant
941 916 999 970 tua
1014 901 1165 998 germina
1182 903 1291 996 pinus.
1309 931 1335 965 e

446 1019 500 1087 Sic
515 1020 572 1087 ait.
592 1017 654 1089 Illa
674 1021 738 1090 Dei
755 1035 882 1090 veteres
900 1021 1029 1090 imitata
1046 1018 1195 1107 calores,

396 1136 564 1207 Uberibus
580 1141 706 1233 stagnis
723 1139 860 1234 obliquo
878 1139 1024 1236 pendula
1042 1154 1163 1209 trunco

395 1257 552 1345 Incubet,
567 1273 668 1352 atque
684 1259 811 1328 umbris
830 1273 999 1328 scrutatur
1015 1260 1210 1328 amantibus·
1221 1258 1337 1329 undas.

395 1379 512 1471 Sperat
529 1392 561 1447 et
575 1377 768 1472 amplexus;
782 1378 840 1448 sed
855 1403 1019 1473 aquarum
1035 1380 1172 1474 spiritus
1187 1393 1296 1456 arcet,

393 1499 465 1565 Nec
482 1499 609 1591 patitur
624 1511 741 1568 tactus.
757 1497 907 1566 Tandem
927 1496 1073 1568 eluctata·
1088 1498 1149 1567 sub
1169 1522 1266 1566 auras

392 1615 552 1685 Libratur
572 1615 692 1705 fundo,
709 1635 890 1711 rursusque
906 1616 1012 1687 enode
1028 1642 1187 1688 cacumen

392 1735 567 1829 Ingeniosa
585 1735 686 1821 levat,
704 1734 806 1805 veluti
822 1736 999 1806 descendat
1012 1738 1048 1805 in
1065 1739 1148 1806 imos

392 1856 502 1949 Stirpe
519 1853 610 1925 lacus
624 1855 698 1924 alia
716 1860 790 1934 Jam
803 1881 865 1926 nec
880 1855 1037 1926 Phoebeia
1057 1861 1139 1927 Nais
1171 1887 1174 1894 ¹
1239 1911 1242 1916 .

392 1973 488 2058 Odit,
510 1990 543 2044 et
563 1975 710 2047 exclusos
728 1979 848 2047 invitat
864 1979 995 2072 gurgite
1008 2003 1130 2046 ramos.

438 2098 515 2163 Haeo
531 2095 606 2183 tibi,
623 2121 725 2192 parva
741 2097 891 2190 quidem,
908 2095 1044 2192 genitali
1062 2095 1136 2167 luce
1152 2120 1307 2192 paramus

389 2217 503 2302 Dona,
523 2216 582 2285 sed
598 2217 726 2311 ingenti
745 2218 855 2288 forsan
871 2219 998 2288 victura
1014 2219 1075 2288 sub
1096 2243 1165 2288 aevo
1181 2249 1189 2289 :

388 2336 454 2420 Tu,
470 2339 564 2431 cujus
584 2335 715 2430 placido
730 2362 873 2436 posuere
893 2339 928 2406 iu
950 2353 1085 2432 pectore
1105 2339 1216 2408 sedem

389 2453 536 2524 Blandus
552 2461 682 2538 Honos,
702 2457 884 2549 hilarisque
902 2457 1033 2552 (tamen
1044 2481 1125 2526 cum
1142 2457 1308 2553 pondere)
1320 2459 1435 2528 Virtus

387 2575 452 2641 Cui
473 2600 533 2643 nec
551 2575 645 2670 pigra
662 2577 771 2668 quies,
792 2600 854 2644 neo
870 2577 985 2669 iniqua
1001 2578 1174 2671 potentia,
1190 2603 1252 2646 nec
1271 2603 1346 2672 spes

385 2693 559 2788 Improba;
581 2693 638 2762 sed
656 2693 785 2763 medius
801 2719 862 2788 per
876 2695 1032 2781 honesta,
1047 2710 1080 2764 et
1099 2694 1207 2766 dulcia
1226 2695 1346 2766 limes:

385 2807 584 2908 Incorrupte
599 2813 715 2900 fidem,
733 2813 910 2910 nullosque
927 2789 1064 2911 experte
1080 2815 1259 2902 tumultus,

383 2938 427 3003 Et
447 2948 571 3003 secrete
589 2932 699 3027 palam
720 2961 728 3002 ε
751 2937 809 3028 qui
830 2935 952 3028 digeris
973 2936 1092 3004 ordine
1112 2937 1232 3022 vitam3

383 3054 477 3123 Idem
494 3055 567 3124 auri
587 3052 691 3122 facilis
710 3069 938 3149 contemptor,
957 3069 989 3124 et
1006 3057 1152 3150 optimus
1169 3057 1258 3126 idom
1318 3054 1320 3058 ’

383 3177 526 3243 Comere
542 3174 690 3261 divitias,
709 3176 896 3270 opibusque
913 3177 1092 3244 immittere
1107 3174 1226 3244 lucem.

382 3299 453 3364 Hac
469 3293 608 3391 longum
623 3295 745 3365 florens
759 3295 863 3364 animi
882 3319 1082 3389 morumque
1095 3296 1252 3392 juventa,

381 3412 501 3485 Iliacos
521 3441 652 3510 sequare
667 3439 777 3503 senes,
797 3430 830 3484 et
850 3415 984 3484 vincere
1001 3427 1111 3510 persta

382 3536 477 3624 Quos
498 3549 592 3628 pater
611 3533 740 3629 Elysio,
758 3535 902 3631 genitrix
918 3559 1001 3628 quos
1016 3533 1138 3604 detulit
1154 3559 1269 3603 annos.

381 3657 454 3725 Hoc
475 3653 523 3722 itti
542 3653 642 3724 duras
663 3678 1016 3724 exoraveresorores:

379 3779 467 3860 Hoc,
485 3797 559 3867 quae
578 3789 610 3844 te
630 3775 691 3844 sub
709 3788 807 3861 teste,
821 3776 922 3844 situm
942 3774 1290 3869 sugituratacentem,

382 3892 495 3964 Ardua
516 3895 722 3990 magnanimi
743 3895 914 3964 revirescit
933 3891 1041 3988 gloria
1056 3891 1161 3963 Blaesi.

784 4185 1065 4207 a*
