3172 5142
130 432 167 490 o.
179 411 249 496 us.)
439 429 651 486 runstmos
672 429 783 486 nmen
801 430 854 485 rx.
1125 417 1180 480 155

133 559 228 624 Heus
244 553 381 624 ubinam
398 551 455 622 iiie
474 552 632 646 frequens
648 553 748 622 modo
764 553 854 622 circa
874 549 990 620 limine
1004 551 1120 620 matria

135 672 314 744 Ambitus?
331 687 530 766 orantesque
551 672 610 741 tibi
629 674 755 742 servire
775 669 927 766 Napaeae?
1135 669 1137 672 ’

138 795 212 862 Cur
231 816 322 861 nunc
341 807 376 860 te
391 789 509 860 meiius
528 816 615 860 sevo
633 815 789 860 mansura
807 789 976 884 profundo

139 911 304 1006 Amplexu
324 912 447 980 misero
464 909 617 1000 tumulis,
637 914 790 999 Crenaee,
809 925 965 1005 reporto,

138 1033 217 1102 Non
235 1031 340 1100 mibi?
357 1055 421 1100 ncc
440 1043 538 1102 tantae
560 1029 679 1125 pudet,
694 1029 777 1100 heu!
796 1032 998 1124 miseretque
1018 1031 1141 1116 ruinae,

141 1156 236 1221 Dure
252 1151 396 1246 parens?
414 1176 488 1244 quae
507 1165 540 1222 te
556 1151 624 1222 alta
642 1167 677 1222 et
695 1150 917 1222 ineluctabilis
936 1153 1005 1220 imo

142 1270 302 1342 Condidit
319 1295 417 1340 amne
437 1269 550 1366 palus?
564 1295 633 1365 quo
648 1273 719 1365 jam
738 1297 799 1342 nec
819 1270 922 1340 cruda
940 1272 1071 1364 nepotis
1170 1347 1172 1354 Α

144 1396 292 1476 Funera,
310 1414 373 1459 nce
390 1391 497 1459 nostri
513 1389 646 1460 valeant
663 1415 880 1486 perrumpere
898 1388 1075 1485 planctus?
1185 1388 1189 1392 ’

83 1553 86 1556 ·
145 1516 233 1582 Ecce
248 1511 346 1598 furit,
364 1512 534 1604 jactatque
552 1525 610 1581 tuo
626 1535 663 1580 se
681 1512 717 1580 in
734 1513 865 1606 gurgite
879 1511 989 1604 major

144 1629 383 1726 Hippomedon
404 1657 412 1699 :
432 1628 526 1700 illum
543 1631 691 1726 ripaeque
709 1630 875 1726 undaeque
891 1631 1104 1707 tremiscunt,
1130 1633 1138 1644 ”

146 1750 240 1821 Illius
258 1749 403 1845 impulsu
421 1765 573 1820 nostrum
590 1751 677 1821 bibit
693 1751 786 1821 unda
805 1775 971 1821 eruorem.

148 1849 199 1940 Tu
216 1873 323 1967 piger,
343 1885 377 1938 et
392 1870 542 1940 trucibus
563 1868 670 1939 facilis
687 1871 812 1939 servire
830 1870 987 1966 Pelasgis.

149 1991 200 2061 Ad
220 1993 350 2060 cineres
367 1988 500 2078 saltem,
519 2013 740 2084 supremaque
756 1991 848 2083 justa
862 2005 999 2060 tuorum

150 2113 242 2179 Saeve
261 2109 356 2195 veni,
373 2133 444 2178 non
459 2107 514 2179 hic
533 2106 640 2178 solum
659 2132 837 2180 accensure
853 2125 1051 2204 nepotem.»

202 2230 264 2298 His
281 2230 398 2298 miscet
416 2227 589 2323 planctus,
610 2227 819 2322 multumque
838 2228 976 2324 indigna
994 2243 1147 2299 cruentat
1221 2291 1223 2295 ,

152 2353 316 2418 Pectora:
337 2345 490 2416 caerulee
507 2345 658 2418 referunt
674 2346 822 2418 lamenta
841 2372 984 2418 sorores.

153 2466 309 2558 Qualiter
325 2467 505 2538 Isthmiaco
522 2467 674 2538 nondum
692 2468 839 2538 Nereida
859 2483 960 2564 portu

154 2588 369 2658 Leucothean
387 2585 550 2681 planxisse
567 2587 697 2677 ferunt,
717 2588 798 2657 dum
815 2603 952 2684 pectore
970 2587 1091 2658 anhelo

154 2707 310 2803 Frigidus
327 2709 362 2776 in
381 2722 522 2776 matrem
538 2731 659 2778 sevum
677 2733 769 2784 mare
783 2711 909 2803 respuit
927 2709 1047 2779 inians.

205 2831 249 2897 At
266 2840 360 2921 pater
374 2851 497 2896 arcano
514 2825 660 2896 residens
673 2813 823 2898 lsinenos
840 2830 874 2896 in
894 2843 1011 2914 antro,

158 2945 259 3016 Unde
279 2969 388 3033 aurae,
405 2946 580 3040 nubesque
596 2925 731 3034 bibunt,
751 2961 851 3040 utque
869 2947 1021 3017 imbrifer
1040 2951 1145 3016 Arcus

158 3067 327 3153 Pascitur,
348 3079 387 3135 et
398 3067 516 3159 Tyrios
533 3064 652 3135 melior
670 3067 764 3135 venit
782 3090 889 3136 annus
908 3066 942 3135 in
962 3091 1080 3162 agros,

159 3189 210 3257 Ut
225 3184 371 3254 lamenta
388 3183 506 3279 procul
524 3185 732 3279 (quanquam
747 3185 911 3280 obstrepit
931 3186 1015 3282 ipse)
1032 3209 1204 3278 novosque

162 3306 302 3398 Accepit
318 3318 404 3374 natae
425 3305 585 3398 gemitus3
604 3303 691 3374 levat
705 3328 822 3398 aspera
838 3329 954 3374 musco

161 3422 277 3508 Colla,
298 3447 498 3519 gravemque
516 3420 591 3518 gelu
607 3424 749 3512 crinem,
769 3425 955 3518 ceciditque
975 3424 1084 3495 soluta

162 3545 266 3614 Pinus
285 3540 399 3612 adulta
417 3567 535 3630 manu,
553 3543 753 3637 dimissaque
771 3542 919 3613 volvitur
937 3569 1031 3614 urna.

163 3662 264 3733 Illum
283 3688 343 3758 per
363 3665 451 3757 ripas
471 3687 599 3733 annoso
614 3688 751 3757 scrupea
773 3662 852 3734 limo

164 3786 237 3851 Ora
254 3797 459 3852 exortantem
477 3780 583 3870 silvae,
604 3783 762 3876 fluviique
781 3785 925 3854 minores

165 3902 335 3970 Mirantur
354 3927 362 3970 :
380 3916 493 3972 tantus
510 3901 640 3972 tumido
656 3901 699 3970 de
719 3903 850 3998 gurgite
869 3907 996 4001 surgit,

165 4024 366 4116 Spumosum
385 4019 541 4092 attollens
559 4022 706 4116 apicem,
728 4020 889 4116 lapsuque
911 4049 1033 4096 sonoro
