3206 5136
419 513 477 578 184
792 505 1098 562 ADNOTAUONFS.

417 625 489 693 tius;
506 621 589 680 tertia
605 631 673 697 post
692 625 810 696 peracta
821 620 931 677 'tumnfi
950 620 1104 691 solemnia,
1124 620 1161 678 de
1182 641 1241 696 qna
1263 613 1456 702 intelligendos

421 718 538 793 virgil,
553 716 680 784 AEner'd„
698 733 756 785 ιιι,
771 711 809 771 68
824 733 832 768 r

526 907 620 922 .....
634 873 724 936 Magna
731 884 871 938 supremmn
882 883 941 920 vocs
952 867 1056 926 cisum,

417 1017 481 1074 coll.
495 1016 582 1072 Saar.
597 1014 634 1070 ad
649 1033 694 1086 vr,
710 1014 776 1070 231.
793 1037 805 1062 n
1187 1037 1192 1048 ·

458 1107 602 1164 siccatam
624 1105 756 1161 nrembrr's
779 1103 816 1179 (ι.
838 1098 917 1178 nlo).
941 1101 1150 1158 «Memorabile
1171 1111 1228 1172 est,
1249 1105 1332 1178 qnod
1355 1104 1391 1161 ‹le
1411 1105 1461 1162 hae

416 1199 541 1256 Priscilla
555 1207 652 1253 narrat
665 1196 804 1252 Morellus
818 1193 896 1250 adh.
911 1194 930 1248 l.
950 1211 957 1247 :
971 1209 1075 1266 nempe
1084 1193 1228 1250 iuvenum
1242 1213 1302 1252 esse
1316 1195 1348 1253 in
1362 1195 1459 1254 eodem

312 1342 314 1350 ,
415 1289 603 1347 monumento
626 1288 679 1344 vie
696 1287 798 1362 Appius
822 1286 966 1342 conditam
987 1277 1017 1341 et
1037 1285 1167 1342 siccatam
1189 1289 1325 1345 mnnbris
1345 1289 1460 1364 integris

416 1402 493 1440 anno
511 1390 600 1454 1741,
614 1381 763 1438 subsisto
777 1399 808 1436 ιι
821 1379 925 1454 pontif.
944 1395 1017 1434 rom.
1029 1401 1042 1426 ι
1056 1380 1174 1436 Menan.

455 1476 528 1531 Moe
542 1477 572 1530 ἐπ
585 1477 685 1530 varias
699 1485 810 1530 mutata
825 1471 937 1527 muare
947 1469 1069 1548 Effigies
1081 1466 1121 1548 (ι.
1136 1472 1191 1528 231
1208 1469 1294 1550 sqq.).
1308 1475 1460 1548 Explican-

416 1579 464 1624 tur
475 1569 535 1624 heo
548 1567 583 1623 iis
600 1585 664 1644 que
685 1565 905 1622 memoravimus
921 1562 958 1618 ad
978 1581 1022 1633 ιι,
1038 1582 1065 1634 7,
1083 1581 1111 1618 ι.
1136 1581 1200 1619 ran.
1216 1566 1251 1620 ln
1266 1567 1389 1623 vocibus
1406 1569 1460 1621 Illo

417 1661 500 1715 Maris
525 1659 600 1714 titolo
615 1645 805 1714 'incommoda
824 1673 891 1711 sane
911 1655 969 1710 loci
988 1673 1043 1728 pro
1065 1655 1184 1712 materia
1212 1657 1321 1714 mentio
1344 1677 1352 1713 ε
1375 1676 1461 1732 quare

415 1750 517 1808 Markl.
531 1769 611 1806 aum.

458 1843 627 1918 Mensoeque
633 1852 776 1917 pomneur
788 1841 922 1897 Assriluoe
934 1838 973 1919 (ι.
989 1837 1069 1918 ι36).
1084 1841 1128 1896 De
1142 1857 1223 1896 sacro
1236 1841 1380 1914 parentali
1386 1851 1414 1898 et
1427 1841 1461 1897 de

416 1933 557 1991 silicernio
571 1952 599 1990 ι.
614 1933 652 1990 ad
665 1934 693 1990 h.
708 1934 727 1990 l.
738 1935 887 1989 Braneus.
897 1964 937 1975 —
945 1935 1056 1989 Domus
1072 1952 1079 1986 ε
1094 1950 1160 1987 nam
1173 1931 1276 2006 saepius
1292 1933 1350 1989 hoc
1363 1935 1459 1990 vocali.

415 2029 578 2102 sepulcrum
589 2025 742 2083 indicatur.

453 2120 536 2176 Iubes
555 2121 598 2176 ire
601 2119 691 2193 sacer
711 2117 887 2192 Proserpina
908 2115 947 2197 (ι.
966 2117 1023 2183 254
1041 2116 1128 2196 sqq.).
1146 2119 1265 2174 «Totus
1285 2118 1368 2176 locus
1385 2137 1460 2175 suni·

413 2223 482 2287 ptus
500 2231 536 2271 ex
555 2211 669 2288 virgilii
685 2211 793 2279 Colice,
807 2228 836 2266 ι.
855 2209 935 2266 alio:

523 2362 602 2414 Obvia
612 2361 765 2429 Persephone
777 2361 876 2412 comites
889 2361 1006 2412 Heroides
1016 2372 1085 2428 urges

522 2446 641 2498 Adversas
651 2444 763 2514 preferre
774 2445 845 2496 iaces.
854 2469 867 2488 ι

1286 2533 1405 2587 Menas..

454 2624 550 2681 Clau.
565 2625 602 2681 ll.
619 2623 691 2682 Cod.
706 2623 828 2698 lihedig.
847 2633 876 2678 et
891 2623 935 2680 ed.
950 2621 1108 2679 Parmensis
1122 2621 1290 2696 inscripsere
1309 2623 1379 2679 huic
1400 2641 1459 2679 car-

346 2777 348 2784 ,
415 2713 486 2772 ιιιίιιί
505 2736 512 2772 ι
534 2719 634 2773 laudes
654 2716 791 2792 Craspr'rsr',
814 2715 900 2770 Vettii
916 2715 1099 2789 Bolanifilr'i.
1118 2717 1162 2772 De
1181 2716 1271 2789 patris
1289 2734 1358 2772 vera
1379 2717 1459 2772 lande

415 2807 521 2864 sufficit
539 2827 615 2865 unus
634 2809 712 2865 testis
739 2807 868 2864 oninium
889 2806 1166 2882 incorruptissimus,
1184 2807 1318 2876 Tacitus,
1346 2809 1441 2884 Agnis.
1449 2847 1459 2874 ‚

416 2921 440 2956 c.
456 2919 523 2972 ιιι,
537 2912 566 2956 et
578 2900 687 2974 sapius.

456 2995 613 3066 impellunt
632 2993 740 3047 Ιιυιιύια
755 3000 853 3066 gustos
867 2989 905 3066 (ι.
924 2988 964 3069 4).
984 2992 1007 3047 1.
1023 3011 1046 3048 e.
1061 2991 1244 3066 propellunt,
1264 3001 1400 3062 movent,
1413 3011 1459 3048 er-

416 3084 513 3140 citant.

460 3177 598 3252 Optanda
613 3178 813 3254 propinquam
834 3180 938 3234 Tuscia
951 3173 989 3255 (ι.
1010 3173 1066 3254 11).
1084 3178 1141 3232 Pro
1157 3174 1279 3248 simplici
1292 3190 1372 3244 sunt,
1396 3177 1459 3251 qnia

416 3269 491 3327 aeteri
499 3270 540 3326 illi
553 3270 736 3345 propinquus
745 3275 806 3326 erat
820 3271 977 3346 Crispinus.
988 3269 1061 3326 Cod.
1074 3267 1182 3338 ahod„
1192 3267 1258 3324 edd.
1272 3286 1316 3341 pr.
1329 3280 1359 3324 et
1372 3271 1459 3325 ven:

414 3365 583 3439 propinqui,
598 3363 680 3438 qnod
695 3365 777 3419 nullo
790 3364 880 3421 modo
896 3363 1017 3439 probari
1030 3361 1067 3418 ab
1081 3359 1274 3418 recentissimo
1289 3359 1400 3418 editore
1414 3363 1462 3419 (le

416 3457 514 3514 nebat.
535 3455 607 3513 Cod.
621 3456 707 3512 Paris.
723 3457 924 3532 :propinquis

460 3550 571 3606 Trabea
593 3550 676 3604 llemi
689 3547 728 3625 (v.
754 3546 811 3627 ιθ).
835 3549 947 3606 'liabeo
968 3566 1102 3618 romans,
1123 3546 1254 3622 equiturn
1278 3546 1391 3622 insigni.
1420 3549 1459 3603 cl.

417 3644 534 3700 Maur„

456 3737 515 3791 Per
522 3735 631 3812 jugera
655 3735 730 3792 Circi
747 3733 787 3814 (ι.
803 3733 861 3812 ar).
884 3737 1032 3811 Nusquam
1049 3733 1195 3791 invenitur
1209 3731 1319 3807 jugera
1338 3731 1459 3800 dictum,

416 3828 513 3903 inquit
533 3829 652 3900 Markl,
669 3853 683 3882 ι
698 3829 753 3885 uisi
770 3829 807 3885 de
828 3828 957 3886 dimenso
977 3847 1048 3904 agro
1069 3836 1098 3882 et
1120 3826 1158 3882 ad
1179 3835 1287 3882 certam
1305 3841 1461 3882 mensuram

418 3920 559 3980 delinito:
581 3941 696 3997 square
711 3921 840 3996 reposuit
858 3941 866 3978 ε
876 3941 936 3997 per
948 3939 1068 3977 munera
1083 3919 1130 3984 C.,'
1143 3918 1210 3974 vide
1222 3916 1325 3992 ipsum.

459 4017 550 4071 Pater
562 4036 574 4084 ,·
596 4017 703 4090 quippe
726 4017 777 4070 ille
798 4013 836 4090 (v.
856 4015 890 4070 31
915 4011 1001 4090 sqq.).
1021 4015 1065 4070 De
1088 4013 1132 4068 his
1154 4011 1240 4068 rebus
1260 4012 1323 4084 lege
1338 4011 1460 4076 Tucia„

419 4111 522 4166 Annei.
532 4149 542 4177 ,
562 4127 613 4178 ιι,
630 4109 722 4182 princ.
790 4097 791 4100 Ἴ
