3172 5142
417 455 455 511 66
735 457 951 514 THEBMDOS
971 459 1082 515 uultu
1105 459 1154 514 Vl.
1351 458 1388 520 (*1
1401 460 1469 522 ²9⁵d

416 583 678 674 Praestantesque
697 582 786 652 viros
808 598 902 652 vocat
923 582 965 651 ad
985 607 1042 652 sua
1061 585 1197 676 praemia
1215 583 1332 650 virtus.
1554 675 1555 688 χ

465 702 597 770 Primus
615 701 719 772 sudor
736 703 841 796 equis.
862 705 946 790 Dic,
965 702 1087 796 inclyte
1105 703 1242 784 Phoebe,
1262 718 1446 797 regentum

416 823 578 910 Nomina,
597 820 651 894 dic
670 823 758 918 ipsos
778 848 785 890 :
807 847 914 916 neque
930 825 1018 892 enim
1035 824 1226 917 generosior
1241 845 1399 915 unquam
1555 864 1556 934 p

417 947 592 1042 Alipedum
611 947 731 1017 collata
750 949 835 1017 acies
854 974 861 1016 ε
883 972 943 1016 ceu
963 963 1107 1042 praepete
1125 971 1224 1016 cursu

417 1068 610 1162 Conlligant
626 1067 734 1138 densae
752 1067 918 1156 volucres,
937 1082 995 1136 aut
1012 1066 1109 1136 litore
1126 1069 1160 1134 in
1179 1091 1245 1134 uuo

418 1187 531 1257 AEolus
548 1189 671 1256 insanis
688 1202 813 1256 statuat
828 1188 1009 1256 certamina
1029 1189 1146 1255 ventis.

466 1310 610 1377 Ducitur
629 1323 705 1376 ante
725 1332 839 1376 omnes
858 1306 965 1376 rutilae
985 1308 1178 1376 manifestus
1197 1307 1299 1375 Arion

418 1433 500 1524 Igne
514 1429 604 1522 jubae
622 1456 630 1496 ε
650 1431 828 1524 Neptunus
845 1452 948 1521 equo,
964 1429 992 1496 si
1008 1442 1098 1496 certa
1115 1428 1265 1522 priorum

417 1553 534 1639 Fama,
553 1563 647 1644 pater
667 1575 675 1617 :
697 1549 825 1643 primus
845 1547 966 1616 teneris
986 1547 1104 1618 laesisse
1124 1545 1244 1640 lupatis

419 1675 504 1756 Ora,
522 1685 556 1738 et
572 1668 690 1738 litoreo
709 1667 886 1736 domitasse
903 1670 938 1736 in
957 1666 1093 1763 pulvere
1111 1667 1229 1754 fertur,

418 1789 621 1858 Verberibus
640 1813 777 1882 parcens
796 1815 803 1856 :
823 1790 944 1858 etenim
963 1790 1134 1857 insatiatus
1151 1787 1250 1856 eundi

419 1909 543 1996 Ardor,
560 1923 593 1978 et
610 1909 758 2002 hyberno
775 1933 836 2003 pac
853 1909 1075 1978 inconstantia
1092 1923 1207 2002 ponto.

420 2031 511 2124 Saepe
528 2054 589 2123 per
606 2029 738 2098 lonium
756 2028 983 2121 Libycumque
1001 2029 1192 2097 natantibus
1210 2031 1256 2096 ire

412 2151 646 2244 ·lnterjunctus
664 2150 777 2242 equis,
795 2173 975 2242 omnesque
992 2163 1141 2218 assuetus
1158 2151 1193 2216 in
1210 2172 1285 2216 oras

420 2269 607 2338 Caeruleum
628 2268 756 2338 deferre
773 2283 901 2364 patrem
919 2295 927 2337 :
946 2284 1103 2363 stupuere
1121 2267 1236 2336 relicta

420 2389 565 2478 Nubila,
583 2403 746 2458 certantes
762 2391 911 2482 Eurique
929 2390 1078 2481 Notique
1097 2403 1291 2480 sequuntur.

372 2515 376 2522 “
422 2511 492 2578 Nec
511 2511 620 2578 minor
641 2511 675 2576 in
697 2511 792 2576 terris
812 2507 898 2577 bella
919 2507 1104 2602 Eurysthea
1122 2523 1290 2601 gerentem

421 2629 743 2723 Amphitryoniaden
765 2627 833 2698 alto
853 2654 913 2723 per
931 2630 1082 2723 gramina
1102 2627 1193 2696 sulco

422 2754 573 2819 Duxerat
592 2775 599 2817 :
621 2749 668 2818 illi
687 2751 787 2818 etiam
808 2749 913 2837 ferus,
932 2748 1150 2842 indocilisque
1169 2751 1286 2818 teneri.

422 2872 503 2939 Mox
524 2871 649 2938 Divum
669 2869 759 2938 dono
779 2869 867 2963 regis
887 2869 1043 2963 dignatus
1064 2869 1196 2938 Adrasti

423 2991 582 3085 Imperia,
598 3005 631 3058 et
649 2987 790 3060 multum
808 2989 926 3058 mediis
943 3005 1172 3058 mansueverat
1189 2991 1295 3060 annis.

424 3113 519 3178 Tune
535 3123 645 3178 rector
661 3133 785 3204 genero
799 3108 947 3204 Polynici
965 3108 1114 3204 indulget
1131 3109 1298 3204 agendum

424 3228 534 3298 Multa
551 3253 708 3318 monens,
726 3229 783 3298 ubi
802 3229 913 3298 fervor
929 3253 1032 3322 equo,
1052 3254 1118 3322 qua
1135 3244 1247 3300 suetus
1266 3231 1310 3300 ab
1328 3248 1399 3300 arte

426 3348 588 3438 Mulceri,
605 3373 648 3418 ne
667 3374 749 3418 saeva
769 3373 906 3436 manus,
925 3374 967 3417 ne
985 3348 1069 3418 liber
1087 3351 1225 3420 habenis

427 3473 584 3563 lmpetus.
608 3471 730 3563 «Urge
747 3468 849 3556 alios,
869 3471 996 3561 inquit,
1015 3468 1239 3564 stimulisque,
1259 3473 1439 3566 minisque3

425 3588 486 3658 Ille
506 3590 584 3676 ibit,
604 3591 714 3660 minus
735 3591 805 3682 ipse
821 3588 913 3658 voles
932 3615 939 3656 :
955 3619 972 3654 s
993 3591 1041 3659 sic
1058 3593 1152 3686 ignea
1170 3589 1242 3660 lora

426 3711 540 3799 Quum
557 3708 671 3796 daret,
689 3723 722 3777 et
738 3709 856 3804 rapido
872 3707 930 3779 Sol
948 3723 1063 3780 natum
1082 3711 1270 3805 imponeret
1288 3715 1362 3800 axi,

426 3829 637 3899 Gaudentem
656 3827 841 3924 lacrymans
860 3845 950 3900 astra
968 3829 1127 3900 insidiosa
1143 3830 1302 3921 docebat,

426 3947 651 4040 Nolentesque
670 3951 732 4018 teri
751 3973 869 4034 zonas,
890 3947 1102 4042 mediamque
1120 3948 1276 4044 polorum

427 4067 635 4161 Temperiem
656 4093 664 4134 τ
684 4069 757 4162 pius
775 4067 830 4138 ille
848 4069 996 4162 quidem,
1013 4085 1047 4140 et
1064 4067 1242 4142 fomnidiue
1258 4087 1378 4158 cauta;
