3094 5140
92 532 128 591 (ν.
146 531 214 593 ¹¹⁵.)
422 528 641 586 rneanrnos
661 531 773 586 unna
790 530 826 585 x.
1096 552 1150 604 1„

92 661 166 726 Aut
185 654 306 725 tellure
321 655 438 748 jacent
455 655 612 744 rtenuis,
631 656 689 750 qui
711 657 830 726 circuit
846 655 974 743 aulam,

92 752 342 872 Invalidusque
363 778 470 864 nitor,
491 779 686 872 primosque
705 777 876 848 hortantia
894 804 1029 849 somnos

91 897 278 992 Languida
299 897 467 968 succiduis
485 898 658 992 exspirant
673 896 971 969 lumina‘flammis.

147 1022 223 1087 Huc
241 1043 276 1088 se
293 1017 440 1088 caeruleo
458 1016 594 1087 libravit
611 1018 653 1086 ab
672 1019 793 1088 aethere
808 1021 906 1117 virgo

89 1123 280 1211 Discolor:
302 1138 466 1234 effulgent
483 1137 592 1227 silvae,
614 1139 858 1235 tenebrosaque
875 1145 1001 1236 Tempe

89 1263 248 1333 Arrisere
265 1265 362 1348 Deae,
380 1275 414 1330 et
431 1262 525 1330 zonis
544 1259 735 1332 lucentibus
753 1265 819 1332 icta

88 1381 242 1476 Evigilat
257 1383 378 1452 domus
396 1408 403 1449 :
422 1383 494 1476 ipse
512 1399 625 1452 autem
646 1407 707 1452 nec
724 1382 880 1477 lampade
897 1382 1004 1472 clara,

90 1507 167 1576 Nec
183 1505 320 1592 souitu,
334 1513 402 1574 nec'
413 1527 496 1574 voce
514 1508 596 1575 Deae
614 1502 801 1598 percrilsus,
821 1505 939 1574 eodem

88 1629 193 1695 More
207 1625 322 1718 jacet:
343 1625 452 1695 donec
468 1625 579 1694 radios
601 1625 842 1694 Thaumantias
863 1651 981 1695 omnes

89 1744 250 1840 Impulit,
267 1748 371 1838 inque
391 1744 508 1815 oculus
523 1747 658 1841 penitus
674 1744 845 1815 descendit
866 1749 1001 1816 inertes.

88 1870 189 1936 Tunc
209 1867 258 1935 sic
276 1890 353 1936 orsa
372 1864 465 1960 loqui
485 1867 679 1936 nimborum
699 1865 792 1936 fulva
814 1869 978 1936 creatrix:

143 2016 160 2051 α
178 1987 335 2058 Sidonios
354 2003 387 2058 te
404 1992 494 2058 Juno
510 1988 628 2073 duces,
647 1990 821 2058 mitissime
840 1992 967 2059 Divum

89 2111 235 2196 Somne,
252 2109 346 2203 jubet
368 2108 600 2206 populumque
620 2112 725 2180 trucis
745 2087 891 2206 defigere
911 2112 1052 2200 Cadmi,

88 2230 165 2316 Qui
185 2254 275 2300 nunc
289 2231 420 2300 eventu
440 2229 526 2301 belli·
539 2229 769 2320 tumefactus,
780 2233 941 2303 Achaeum

89 2350 239 2444 Pervigil
259 2357 409 2421 asservat
427 2350 573 2440 vallum,
593 2367 627 2422 at
648 2367 705 2423 tua
723 2355 816 2448 jussa
835 2372 977 2425 recusat.

89 2473 148 2538 Da
165 2471 460 2565 precibustantis,
478 2499 554 2543 rara
573 2474 707 2562 est'hoc
728 2497 825 2569 posse
845 2476 1003 2565 facultas,

87 2591 336 2688 Placatumque
357 2599 475 2664 Jovem
496 2593 770 2666 dextra‘Junone
790 2613 929 2669 merere.
952 2629 970 2664 a

141 2715 252 2803 Dixit,
271 2729 304 2784 et
323 2717 530 2810 increpitans
549 2715 748 2812 languentia
768 2730 905 2812 pectora
924 2718 1060 2807 dextra,

88 2840 145 2907 Ne
163 2850 304 2931 pereant
320 2861 437 2925 voces,
459 2838 668 2932 iterumque,
689 2840 879 2932 iterumque
899 2841 1069 2910 monebat.

88 2958 154 3029 Ille
165 2963 246 3029 Deae
263 2960 363 3054 jussis
381 2959 523 3029 dubium
540 2961 750 3054 mixtumque
768 2963 883 3056 sopori

90 3081 244 3150 Annuit:
258 3079 394 3149 ¹eucedit
413 3082 550 3175 gravior
569 3081 781 3173 nigrantibus
801 3083 906 3150 antris

87 3203 171 3288 Iris,
192 3215 224 3270 ct
245 3199 540 3270 obtusum'multo‘
551 3201 654 3295 jubar
673 3203 797 3270 excitat
817 3201 929 3270 imbri.

88 3327 167 3416 Ipse
186 3347 321 3417 quoque
342 3337 375 3392 et
395 3321 567 3392 volucrem
586 3321 755 3419 gressum,
775 3327 811 3392 'et
826 3338 966 3393 ventosa
987 3324 1103 3392 citavit

87 3445 275 3537 Tempora,
289 3458 328 3513 et
346 3445 480 3514 obscuri
501 3444 812 3540 sinuatam‘frigore
830 3443 905 3514 coeli

87 3563 247 3660 Implevit
264 3562 491 3659 chlamydem,
513 3567 685 3660 tacitoque
703 3591 766 3662 per
785 3567 908 3636 aethera
927 3591 1027 3637 cursu

89 3691 230 3775 Fertur,
248 3701 282 3756 et
302 3679 418 3757 Aoniis
436 3685 539 3781 longe
561 3689 672 3782 gravis
689 3690 843 3757 imminet
862 3690 962 3758 arvis.

88 3805 184 3876 lllius
202 3833 284 3877 aura
305 3806 376 3877 solo
394 3806 564 3895 volucres,
585 3807 812 3904 pecudesque,
833 3808 986 3904 ferasque

90 3925 263 4022 Explicat,
282 3941 316 3997 et
334 3930 467 4024 penitus
488 3951 702 4022 quacumque
722 3930 917 4024 supervolat
926 3915 1072 4022 orbem,

89 4048 328 4144 Languidade
345 4048 495 4145 scopulis
515 4048 631 4120 sidunt
645 4047 749 4139 freta,
768 4053 898 4145 pigrius
915 4053 1044 4122 herent

89 4171 215 4243 Nubila
224 4193 239 4262 ,·
253 4172 436 4244 demittunt
451 4187 600 4245 extrema
621 4169 805 4248 cacumina¹
816 4173 906 4245 silvae
917 4195 941 4266 ,'

240 4319 275 4365 u.
985 4323 1023 4368 12
