3156 5138
412 512 452 568 9²
772 497 801 550 Ρ.
822 496 945 553 ruutu
965 486 1096 554 stetu
1366 498 1397 554 (v.
1411 495 1458 542 tm

413 619 571 718 Optima,
590 643 663 712 quae
683 621 782 689 vestis
800 645 911 690 roseos
930 609 1107 690 adcendere
1127 617 1238 687 vultus

412 743 519 832 Apta3
537 738 628 832 quod
647 741 682 807 iu
701 739 833 835 digitis,
852 737 939 810 collo
958 738 1049 834 quod
1069 739 1202 834 dignius
1220 763 1350 807 aurum.

412 860 521 930 Norat
538 857 684 929 coelestes
703 857 817 929 oculos
837 858 947 948 ducis,
966 861 1102 954 ipsaque
1121 859 1223 928 taedas

412 980 431 1046 J
434 993 592 1068 unxerat,
610 994 645 1050 et
662 977 761 1074 plena
776 978 915 1049 dederat
931 971 1097 1050 connubia
1117 965 1242 1048 dextra.

413 1099 468 1168 Sic
486 1113 583 1169 ornat
602 1099 727 1189 aines,
745 1101 864 1194 Tyrios
882 1101 929 1170 sic
947 1098 1057 1170 fundit
1075 1100 1236 1186 amictus3

411 1222 480 1288 Dat
497 1217 627 1304 radios,
646 1219 823 1314 ignemque
840 1211 950 1290 suum.
968 1224 1101 1292 Cessere
1121 1221 1249 1314 priores

412 1338 565 1426 Deliciae,
584 1337 972 1435 famulumque'greges':
992 1341 1047 1408 hic
1065 1329 1185 1434 pocula
1203 1365 1326 1436 magno

412 1461 524 1529 Prima
542 1458 640 1549 duci,
659 1483 855 1553 murrasque
872 1455 1006 1553 graves,
1021 1449 1244 1554 'crystallaque
1262 1475 1375 1555 portat

413 1578 617 1649 Candidiore
635 1603 735 1649 manu
755 1605 763 1646 :
782 1580 900 1649 crescit
918 1604 1004 1673 nova
1023 1581 1130 1675 gratia
1149 1567 1288 1652 Baccho.
1407 1659 1410 1664 ¹

463 1702 550 1770 Care
567 1723 667 1793 puer,
686 1698 822 1793 Superis
841 1691 910 1792 quiv
919 1692 1091 1793 praelibare
1108 1699 1291 1770 verendum

413 1821 553 1906 Nectar,
571 1833 605 1888 et
624 1820 791 1914 ingentem
811 1820 907 1889 toties
925 1821 1119 1915 contingere
1132 1807 1287 1889 'dextram

413 1935 567 2027 Electus,
585 1963 686 2034 quam
704 1935 931 2022 nosseGetae,
950 1963 1050 2034 quam
1069 1931 1205 2034 tangere
1221 1942 1351 2030 Persae,

413 2059 648 2153 Armeniique,
666 2056 808 2153 Indique
825 2055 970 2154 petuntl.
983 2085 1005 2128 o
1023 2058 1129 2128 sidere
1149 2049 1265 2129 dextro

413 2176 529 2264 edite,
549 2176 654 2249 multa
672 2179 732 2258 tibi
751 2180 877 2248 Divum
897 2177 1103 2274 indulgentia
1123 2177 1220 2248 savit!
1256 2165 1259 2170 ¹
1327 2175 1328 2178 '

412 2295 505 2368 Olim
523 2299 642 2386 etiam,
661 2323 703 2369 ne
722 2298 831 2393 prima
849 2321 948 2394 genas
967 2299 1091 2394 lanugo
1110 2301 1252 2369 nitentes

412 2420 606 2512 Spargeret,
626 2434 659 2488 et
677 2419 825 2513 pulchrae
843 2418 986 2488 firscaret
1004 2420 1110 2514 gratia
1130 2419 1263 2508 formae,

411 2543 487 2633 Ipse
504 2541 596 2608 Deus
614 2539 749 2632 patrie,
768 2535 889 2608 celsam
910 2553 1001 2609 trans
1019 2563 1153 2634 aequora
1171 2539 1266 2634 liquit

411 2660 597 2752 Pergamon
617 2684 625 2727 :
646 2657 736 2726 haud
756 2656 815 2726 ulli
835 2681 974 2752 puerum
995 2658 1126 2728 mollire
1146 2674 1291 2753 potestas

412 2775 567 2865 Credita3
585 2776 642 2848 sed
662 2779 762 2848 tacita
777 2773 909 2872 juvenis
928 2777 1104 2848 Phoebeius
1122 2794 1193 2849 arte
1304 2771 1309 2780 ⁸

410 2898 560 2986 leuiter,
580 2898 670 2967 haud
689 2896 759 2967 ullo
777 2895 972 2968 concussum
988 2897 1126 2969 vulnere
1142 2925 1264 2995 corpus
1285 2939 1288 2946 ,

409 3021 461 3088 De
474 3043 559 3088 sexu
579 3019 718 3088 transire
734 3017 839 3111 jubet.
858 3022 984 3088 Tamen
1004 3020 1101 3089 anxia
1119 3021 1208 3089 curis

409 3137 604 3225 Mordetur,
623 3140 784 3233 puerique
802 3141 898 3208 timet
917 3141 1083 3233 Cytherea
1100 3139 1242 3210 dolores.

458 3259 618 3330 Nondum
638 3257 779 3353 pulchra
797 3258 891 3329 ducis
909 3258 1083 3349 clementia
1100 3277 1245 3355 coeperat
1264 3275 1342 3332 ortu

409 3384 555 3450 intactos
573 3404 704 3449 servare
723 3404 851 3466 mares3
871 3406 961 3450 nunc
978 3379 1132 3475 frangere
1150 3405 1282 3469 sexum,

290 3545 294 3552 ι
409 3504 519 3594 Atque
535 3500 706 3588 hominem
725 3515 856 3588 mutare
875 3500 986 3587 nefas3
1005 3501 1181 3595 gavisaque
1201 3500 1288 3571 solos

408 3621 503 3707 Quos
521 3621 637 3713 genuit
654 3622 784 3690 Natura
803 3618 911 3705 videt3
930 3645 991 3690 nec
1010 3620 1082 3715 lege
1101 3621 1234 3691 sinistra

410 3744 509 3808 Ferre
528 3741 647 3810 timent
664 3738 795 3810 famulae
813 3755 968 3809 natorum
989 3741 1137 3835 pondera
1157 3756 1288 3812 matres.

456 3863 509 3929 Tu
529 3884 682 3953 quoque,
700 3884 790 3929 nunc
804 3861 956 3955 juvenis,
976 3862 1107 3955 genitus
1127 3863 1154 3930 si
1172 3863 1299 3932 tardius
1317 3889 1421 3950 esses,

410 3979 659 4073 Urubratusque
677 4005 777 4074 genas
788 4033 797 4069 ,
809 3997 850 4048 et
868 3979 999 4051 adultos
1017 3980 1136 4052 fortior
1154 3997 1266 4071 artus,

410 4101 487 4172 Nou
507 4125 609 4170 unum
628 4100 774 4195 gaudeus
792 4103 935 4171 Phoebea
955 4101 996 4170 ad
1016 4100 1130 4172 limina
1150 4129 1292 4176 mimus?
1327 4145 1328 4148 ¹
