<?xml version="1.0" encoding="UTF-8"?>
<!DOCTYPE html PUBLIC "-//W3C//DTD XHTML 1.0 Transitional//EN"
    "http://www.w3.org/TR/xhtml1/DTD/xhtml1-transitional.dtd">
<html xmlns="http://www.w3.org/1999/xhtml" xml:lang="en" lang="en">
 <head>
  <title>
</title>
<meta http-equiv="Content-Type" content="text/html;charset=utf-8" />
  <meta name='ocr-system' content='tesseract 3.04.00' />
  <meta name='ocr-capabilities' content='ocr_page ocr_carea ocr_par ocr_line ocrx_word'/>
</head>
<body>
  <div class='ocr_page' id='page_1' title='image "./operaquaeextant00dbgoog_0247.png"; bbox 0 0 3200 5142; ppageno 0'>
   <div class='ocr_carea' id='block_1_1' title="bbox 403 496 1455 558">
    <p class='ocr_par' dir='ltr' id='par_1_1' title="bbox 403 496 1455 558">
     <span class='ocr_line' id='line_1_1' title="bbox 403 496 1455 558; baseline -0.003 -3"><span class='ocrx_word' id='word_1_1' title='bbox 403 515 460 556; x_wconf 79' lang='lat' dir='ltr'><strong>aaa</strong></span> <span class='ocrx_word' id='word_1_2' title='bbox 720 498 936 556; x_wconf 74' lang='lat' dir='ltr'><strong>nmmos</strong></span> <span class='ocrx_word' id='word_1_3' title='bbox 957 497 1070 554; x_wconf 78' lang='lat' dir='ltr'><strong>usna</strong></span> <span class='ocrx_word' id='word_1_4' title='bbox 1089 497 1143 552; x_wconf 84' lang='lat' dir='ltr'><strong>nt</strong></span> <span class='ocrx_word' id='word_1_5' title='bbox 1356 496 1455 558; x_wconf 67' lang='lat' dir='ltr'><strong>(aas.)</strong></span> 
     </span>
    </p>
   </div>
   <div class='ocr_carea' id='block_1_2' title="bbox 384 620 1454 3482">
    <p class='ocr_par' dir='ltr' id='par_1_2' title="bbox 397 620 1454 1677">
     <span class='ocr_line' id='line_1_2' title="bbox 401 620 1454 718; baseline -0.002 -26"><span class='ocrx_word' id='word_1_6' title='bbox 401 627 503 693; x_wconf 87' lang='lat' dir='ltr'><strong>Nunc</strong></span> <span class='ocrx_word' id='word_1_7' title='bbox 514 625 642 693; x_wconf 81' lang='lat' dir='ltr'><strong>serrum</strong></span> <span class='ocrx_word' id='word_1_8' title='bbox 655 623 869 718; x_wconf 71' lang='lat' dir='ltr'><strong>adspectans,</strong></span> <span class='ocrx_word' id='word_1_9' title='bbox 880 627 1085 718; x_wconf 80' lang='lat' dir='ltr'><strong>«Nunquam</strong></span> <span class='ocrx_word' id='word_1_10' title='bbox 1095 621 1157 691; x_wconf 86' lang='lat' dir='ltr'><strong>tibi</strong></span> <span class='ocrx_word' id='word_1_11' title='bbox 1168 620 1341 716; x_wconf 78' lang='lat' dir='ltr'><strong>sanguinis</strong></span> <span class='ocrx_word' id='word_1_12' title='bbox 1349 621 1454 714; x_wconf 86' lang='lat' dir='ltr'><strong>hujus</strong></span> 
     </span>
     <span class='ocr_line' id='line_1_3' title="bbox 401 741 1216 840; baseline -0.001 -28"><span class='ocrx_word' id='word_1_13' title='bbox 401 747 460 812; x_wconf 89' lang='lat' dir='ltr'><strong>Jus</strong></span> <span class='ocrx_word' id='word_1_14' title='bbox 475 747 555 831; x_wconf 88' lang='lat' dir='ltr'><strong>erit,</strong></span> <span class='ocrx_word' id='word_1_15' title='bbox 572 757 635 812; x_wconf 90' lang='lat' dir='ltr'><strong>aut</strong></span> <span class='ocrx_word' id='word_1_16' title='bbox 652 767 775 840; x_wconf 78' lang='lat' dir='ltr'><strong>magno</strong></span> <span class='ocrx_word' id='word_1_17' title='bbox 790 743 890 814; x_wconf 84' lang='lat' dir='ltr'><strong>feries</strong></span> <span class='ocrx_word' id='word_1_18' title='bbox 906 742 1084 838; x_wconf 80' lang='lat' dir='ltr'>imperdita</span> <span class='ocrx_word' id='word_1_19' title='bbox 1102 741 1216 838; x_wconf 83' lang='lat' dir='ltr'><strong>Tydeo</strong></span> 
     </span>
     <span class='ocr_line' id='line_1_4' title="bbox 399 861 1338 958; baseline 0.001 -27"><span class='ocrx_word' id='word_1_20' title='bbox 399 864 559 932; x_wconf 79' lang='lat' dir='ltr'><strong>Pectora:</strong></span> <span class='ocrx_word' id='word_1_21' title='bbox 579 861 665 932; x_wconf 83' lang='lat' dir='ltr'><strong>vado</strong></span> <span class='ocrx_word' id='word_1_22' title='bbox 683 863 840 958; x_wconf 79' lang='lat' dir='ltr'>equidem</span> <span class='ocrx_word' id='word_1_23' title='bbox 858 861 1049 952; x_wconf 76' lang='lat' dir='ltr'>exsultans,</span> <span class='ocrx_word' id='word_1_24' title='bbox 1069 876 1252 957; x_wconf 83' lang='lat' dir='ltr'><strong>ereptaque</strong></span> <span class='ocrx_word' id='word_1_25' title='bbox 1268 861 1338 932; x_wconf 85' lang='lat' dir='ltr'><strong>fata</strong></span> 
     </span>
     <span class='ocr_line' id='line_1_5' title="bbox 401 981 1353 1078; baseline -0.001 -27"><span class='ocrx_word' id='word_1_26' title='bbox 401 985 576 1076; x_wconf 88' lang='lat' dir='ltr'><strong>Insequor,</strong></span> <span class='ocrx_word' id='word_1_27' title='bbox 596 998 630 1052; x_wconf 89' lang='lat' dir='ltr'><strong>et</strong></span> <span class='ocrx_word' id='word_1_28' title='bbox 650 985 789 1054; x_wconf 88' lang='lat' dir='ltr'><strong>comites</strong></span> <span class='ocrx_word' id='word_1_29' title='bbox 803 983 896 1056; x_wconf 82' lang='lat' dir='ltr'><strong>feror</strong></span> <span class='ocrx_word' id='word_1_30' title='bbox 915 995 1127 1078; x_wconf 84' lang='lat' dir='ltr'><strong>exspectatus</strong></span> <span class='ocrx_word' id='word_1_31' title='bbox 1145 982 1189 1053; x_wconf 91' lang='lat' dir='ltr'><strong>ad</strong></span> <span class='ocrx_word' id='word_1_32' title='bbox 1205 981 1353 1052; x_wconf 89' lang='lat' dir='ltr'><strong>umbras.</strong></span> 
     </span>
     <span class='ocr_line' id='line_1_6' title="bbox 398 1098 1394 1198; baseline 0 -27"><span class='ocrx_word' id='word_1_33' title='bbox 398 1105 446 1171; x_wconf 90' lang='lat' dir='ltr'><strong>Te</strong></span> <span class='ocrx_word' id='word_1_34' title='bbox 464 1105 615 1198; x_wconf 79' lang='lat' dir='ltr'><strong>Superis,</strong></span> <span class='ocrx_word' id='word_1_35' title='bbox 635 1101 838 1197; x_wconf 77' lang='lat' dir='ltr'><strong>fiatriquelr</strong></span> <span class='ocrx_word' id='word_1_36' title='bbox 857 1107 901 1174; x_wconf 92' lang='lat' dir='ltr'><strong>Et</strong></span> <span class='ocrx_word' id='word_1_37' title='bbox 915 1104 986 1198; x_wconf 87' lang='lat' dir='ltr'><strong>jam</strong></span> <span class='ocrx_word' id='word_1_38' title='bbox 1003 1101 1114 1174; x_wconf 89' lang='lat' dir='ltr'><strong>media</strong></span> <span class='ocrx_word' id='word_1_39' title='bbox 1131 1126 1207 1172; x_wconf 85' lang='lat' dir='ltr'><strong>orsa</strong></span> <span class='ocrx_word' id='word_1_40' title='bbox 1225 1098 1394 1196; x_wconf 87' lang='lat' dir='ltr'><strong>loquentis</strong></span> 
     </span>
     <span class='ocr_line' id='line_1_7' title="bbox 400 1219 1223 1317; baseline 0 -27"><span class='ocrx_word' id='word_1_41' title='bbox 400 1219 592 1291; x_wconf 82' lang='lat' dir='ltr'><strong>Abstulerat</strong></span> <span class='ocrx_word' id='word_1_42' title='bbox 609 1220 748 1317; x_wconf 90' lang='lat' dir='ltr'><strong>plenum</strong></span> <span class='ocrx_word' id='word_1_43' title='bbox 768 1221 888 1316; x_wconf 86' lang='lat' dir='ltr'><strong>capulo</strong></span> <span class='ocrx_word' id='word_1_44' title='bbox 905 1219 993 1292; x_wconf 86' lang='lat' dir='ltr'><strong>latus</strong></span> <span class='ocrx_word' id='word_1_45' title='bbox 1010 1247 1019 1290; x_wconf 79' lang='lat' dir='ltr'><strong>r</strong></span> <span class='ocrx_word' id='word_1_46' title='bbox 1039 1219 1096 1290; x_wconf 89' lang='lat' dir='ltr'><strong>ille</strong></span> <span class='ocrx_word' id='word_1_47' title='bbox 1113 1219 1223 1293; x_wconf 85' lang='lat' dir='ltr'><strong>dolori</strong></span> 
     </span>
     <span class='ocr_line' id='line_1_8' title="bbox 397 1339 1264 1436; baseline 0.001 -27"><span class='ocrx_word' id='word_1_48' title='bbox 397 1342 547 1436; x_wconf 78' lang='lat' dir='ltr'><strong>Pugnat,</strong></span> <span class='ocrx_word' id='word_1_49' title='bbox 562 1357 596 1413; x_wconf 87' lang='lat' dir='ltr'><strong>et</strong></span> <span class='ocrx_word' id='word_1_50' title='bbox 613 1343 784 1436; x_wconf 82' lang='lat' dir='ltr'><strong>ingentem</strong></span> <span class='ocrx_word' id='word_1_51' title='bbox 800 1344 883 1412; x_wconf 77' lang='lat' dir='ltr'><strong>nixu</strong></span> <span class='ocrx_word' id='word_1_52' title='bbox 899 1339 1090 1436; x_wconf 85' lang='lat' dir='ltr'><strong>duplicatus</strong></span> <span class='ocrx_word' id='word_1_53' title='bbox 1106 1343 1141 1410; x_wconf 89' lang='lat' dir='ltr'><strong>in</strong></span> <span class='ocrx_word' id='word_1_54' title='bbox 1159 1342 1264 1411; x_wconf 88' lang='lat' dir='ltr'><strong>ictum</strong></span> 
     </span>
     <span class='ocr_line' id='line_1_9' title="bbox 398 1459 1267 1556; baseline 0.002 -26"><span class='ocrx_word' id='word_1_55' title='bbox 398 1461 535 1530; x_wconf 82' lang='lat' dir='ltr'><strong>Corruit</strong></span> <span class='ocrx_word' id='word_1_56' title='bbox 553 1463 779 1556; x_wconf 84' lang='lat' dir='ltr'><strong>extremisque</strong></span> <span class='ocrx_word' id='word_1_57' title='bbox 799 1463 919 1532; x_wconf 74' lang='lat' dir='ltr'><strong>animas</strong></span> <span class='ocrx_word' id='word_1_58' title='bbox 935 1459 1137 1556; x_wconf 77' lang='lat' dir='ltr'><strong>singultibus</strong></span> <span class='ocrx_word' id='word_1_59' title='bbox 1151 1484 1267 1532; x_wconf 83' lang='lat' dir='ltr'><strong>errans</strong></span> 
     </span>
     <span class='ocr_line' id='line_1_10' title="bbox 398 1578 1301 1677; baseline 0.001 -27"><span class='ocrx_word' id='word_1_60' title='bbox 398 1578 556 1650; x_wconf 80' lang='lat' dir='ltr'><strong>Alternus</strong></span> <span class='ocrx_word' id='word_1_61' title='bbox 573 1605 665 1655; x_wconf 84' lang='lat' dir='ltr'><strong>nune</strong></span> <span class='ocrx_word' id='word_1_62' title='bbox 680 1604 739 1650; x_wconf 88' lang='lat' dir='ltr'><strong>ere</strong></span> <span class='ocrx_word' id='word_1_63' title='bbox 755 1583 868 1672; x_wconf 86' lang='lat' dir='ltr'><strong>venit,</strong></span> <span class='ocrx_word' id='word_1_64' title='bbox 887 1605 979 1652; x_wconf 91' lang='lat' dir='ltr'><strong>nunc</strong></span> <span class='ocrx_word' id='word_1_65' title='bbox 998 1579 1136 1650; x_wconf 86' lang='lat' dir='ltr'><strong>vulnere</strong></span> <span class='ocrx_word' id='word_1_66' title='bbox 1156 1580 1301 1677; x_wconf 80' lang='lat' dir='ltr'><strong>sanguis.</strong></span> 
     </span>
    </p>

    <p class='ocr_par' dir='ltr' id='par_1_3' title="bbox 398 1701 1354 2156">
     <span class='ocr_line' id='line_1_11' title="bbox 446 1701 1354 1796; baseline -0.002 -24"><span class='ocrx_word' id='word_1_67' title='bbox 446 1705 601 1774; x_wconf 71' lang='lat' dir='ltr'><strong>Excussae</strong></span> <span class='ocrx_word' id='word_1_68' title='bbox 618 1726 796 1796; x_wconf 87' lang='lat' dir='ltr'><strong>procerum</strong></span> <span class='ocrx_word' id='word_1_69' title='bbox 823 1717 968 1792; x_wconf 83' lang='lat' dir='ltr'><strong>mentes,</strong></span> <span class='ocrx_word' id='word_1_70' title='bbox 987 1701 1186 1796; x_wconf 84' lang='lat' dir='ltr'><strong>turbataque</strong></span> <span class='ocrx_word' id='word_1_71' title='bbox 1202 1714 1354 1772; x_wconf 83' lang='lat' dir='ltr'><strong>mussant</strong></span> 
     </span>
     <span class='ocr_line' id='line_1_12' title="bbox 398 1817 1242 1917; baseline 0 -27"><span class='ocrx_word' id='word_1_72' title='bbox 398 1817 549 1890; x_wconf 84' lang='lat' dir='ltr'><strong>Consilia</strong></span> <span class='ocrx_word' id='word_1_73' title='bbox 567 1847 576 1893; x_wconf 78' lang='lat' dir='ltr'><strong>r</strong></span> <span class='ocrx_word' id='word_1_74' title='bbox 595 1835 647 1890; x_wconf 89' lang='lat' dir='ltr'><strong>ast</strong></span> <span class='ocrx_word' id='word_1_75' title='bbox 666 1819 921 1916; x_wconf 72' lang='lat' dir='ltr'><strong>illumcujus,</strong></span> <span class='ocrx_word' id='word_1_76' title='bbox 942 1821 1069 1915; x_wconf 85' lang='lat' dir='ltr'><strong>fidique</strong></span> <span class='ocrx_word' id='word_1_77' title='bbox 1086 1835 1242 1917; x_wconf 85' lang='lat' dir='ltr'><strong>parentes</strong></span> 
     </span>
     <span class='ocr_line' id='line_1_13' title="bbox 399 1938 1300 2037; baseline 0.002 -29"><span class='ocrx_word' id='word_1_78' title='bbox 399 1941 595 2009; x_wconf 83' lang='lat' dir='ltr'><strong>servantem</strong></span> <span class='ocrx_word' id='word_1_79' title='bbox 611 1938 741 2029; x_wconf 87' lang='lat' dir='ltr'><strong>vultus,</strong></span> <span class='ocrx_word' id='word_1_80' title='bbox 760 1955 794 2010; x_wconf 88' lang='lat' dir='ltr'><strong>et</strong></span> <span class='ocrx_word' id='word_1_81' title='bbox 814 1955 949 2010; x_wconf 79' lang='lat' dir='ltr'><strong>terrum</strong></span> <span class='ocrx_word' id='word_1_82' title='bbox 967 1942 1002 2010; x_wconf 92' lang='lat' dir='ltr'><strong>in</strong></span> <span class='ocrx_word' id='word_1_83' title='bbox 1020 1955 1129 2010; x_wconf 87' lang='lat' dir='ltr'><strong>morte</strong></span> <span class='ocrx_word' id='word_1_84' title='bbox 1147 1955 1300 2037; x_wconf 86' lang='lat' dir='ltr'><strong>peracta,</strong></span> 
     </span>
     <span class='ocr_line' id='line_1_14' title="bbox 399 2056 1275 2156; baseline 0 -26"><span class='ocrx_word' id='word_1_85' title='bbox 399 2061 468 2130; x_wconf 88' lang='lat' dir='ltr'><strong>Nec</strong></span> <span class='ocrx_word' id='word_1_86' title='bbox 485 2057 624 2156; x_wconf 81' lang='lat' dir='ltr'><strong>longum</strong></span> <span class='ocrx_word' id='word_1_87' title='bbox 644 2059 802 2130; x_wconf 87' lang='lat' dir='ltr'><strong>reducem</strong></span> <span class='ocrx_word' id='word_1_88' title='bbox 818 2056 935 2150; x_wconf 81' lang='lat' dir='ltr'><strong>letati,</strong></span> <span class='ocrx_word' id='word_1_89' title='bbox 956 2061 991 2130; x_wconf 93' lang='lat' dir='ltr'><strong>in</strong></span> <span class='ocrx_word' id='word_1_90' title='bbox 1010 2074 1098 2130; x_wconf 87' lang='lat' dir='ltr'><strong>tecta</strong></span> <span class='ocrx_word' id='word_1_91' title='bbox 1114 2060 1275 2130; x_wconf 85' lang='lat' dir='ltr'><strong>ferebant.</strong></span> 
     </span>
    </p>

    <p class='ocr_par' dir='ltr' id='par_1_4' title="bbox 398 2179 1340 2516">
     <span class='ocr_line' id='line_1_15' title="bbox 447 2179 1259 2256; baseline 0 -6"><span class='ocrx_word' id='word_1_92' title='bbox 447 2179 514 2250; x_wconf 90' lang='lat' dir='ltr'><strong>Sed</strong></span> <span class='ocrx_word' id='word_1_93' title='bbox 533 2179 628 2250; x_wconf 88' lang='lat' dir='ltr'><strong>ducis</strong></span> <span class='ocrx_word' id='word_1_94' title='bbox 646 2179 774 2256; x_wconf 81' lang='lat' dir='ltr'><strong>infandi</strong></span> <span class='ocrx_word' id='word_1_95' title='bbox 793 2179 918 2250; x_wconf 72' lang='lat' dir='ltr'><strong>rabida</strong></span> <span class='ocrx_word' id='word_1_96' title='bbox 934 2205 1004 2250; x_wconf 90' lang='lat' dir='ltr'><strong>non</strong></span> <span class='ocrx_word' id='word_1_97' title='bbox 1019 2181 1181 2250; x_wconf 84' lang='lat' dir='ltr'><strong>hactenus</strong></span> <span class='ocrx_word' id='word_1_98' title='bbox 1202 2180 1259 2250; x_wconf 74' lang='lat' dir='ltr'><strong>ire</strong></span> 
     </span>
     <span class='ocr_line' id='line_1_16' title="bbox 398 2295 1340 2396; baseline -0.001 -26"><span class='ocrx_word' id='word_1_99' title='bbox 398 2303 493 2370; x_wconf 87' lang='lat' dir='ltr'><strong>Stare</strong></span> <span class='ocrx_word' id='word_1_100' title='bbox 511 2315 640 2394; x_wconf 88' lang='lat' dir='ltr'><strong>queunt</strong></span> <span class='ocrx_word' id='word_1_101' title='bbox 658 2326 666 2368; x_wconf 91' lang='lat'><strong>:</strong></span> <span class='ocrx_word' id='word_1_102' title='bbox 682 2313 770 2370; x_wconf 86' lang='lat' dir='ltr'><strong>vetut</strong></span> <span class='ocrx_word' id='word_1_103' title='bbox 790 2302 868 2396; x_wconf 84' lang='lat' dir='ltr'><strong>igue</strong></span> <span class='ocrx_word' id='word_1_104' title='bbox 883 2301 973 2396; x_wconf 89' lang='lat' dir='ltr'><strong>rapi,</strong></span> <span class='ocrx_word' id='word_1_105' title='bbox 993 2324 1176 2396; x_wconf 89' lang='lat' dir='ltr'><strong>pacemque</strong></span> <span class='ocrx_word' id='word_1_106' title='bbox 1193 2295 1340 2394; x_wconf 86' lang='lat' dir='ltr'><strong>sepulcri</strong></span> 
     </span>
     <span class='ocr_line' id='line_1_17' title="bbox 398 2420 1202 2516; baseline 0 -26"><span class='ocrx_word' id='word_1_107' title='bbox 398 2420 526 2515; x_wconf 87' lang='lat' dir='ltr'><strong>Impius</strong></span> <span class='ocrx_word' id='word_1_108' title='bbox 544 2421 669 2515; x_wconf 82' lang='lat' dir='ltr'><strong>ignaris</strong></span> <span class='ocrx_word' id='word_1_109' title='bbox 685 2423 907 2516; x_wconf 86' lang='lat' dir='ltr'><strong>nequicquam</strong></span> <span class='ocrx_word' id='word_1_110' title='bbox 928 2421 1084 2491; x_wconf 87' lang='lat' dir='ltr'><strong>manibus</strong></span> <span class='ocrx_word' id='word_1_111' title='bbox 1101 2436 1202 2492; x_wconf 87' lang='lat' dir='ltr'><strong>arcet.</strong></span> 
     </span>
    </p>

    <p class='ocr_par' dir='ltr' id='par_1_5' title="bbox 393 2542 1376 3000">
     <span class='ocr_line' id='line_1_18' title="bbox 443 2542 1376 2638; baseline 0.002 -26"><span class='ocrx_word' id='word_1_112' title='bbox 443 2545 495 2613; x_wconf 88' lang='lat' dir='ltr'><strong>Tu</strong></span> <span class='ocrx_word' id='word_1_113' title='bbox 516 2556 628 2616; x_wconf 85' lang='lat' dir='ltr'><strong>tumen</strong></span> <span class='ocrx_word' id='word_1_114' title='bbox 646 2543 800 2638; x_wconf 82' lang='lat' dir='ltr'><strong>egregius</strong></span> <span class='ocrx_word' id='word_1_115' title='bbox 818 2542 896 2633; x_wconf 85' lang='lat' dir='ltr'><strong>fati,</strong></span> <span class='ocrx_word' id='word_1_116' title='bbox 919 2545 1127 2636; x_wconf 88' lang='lat' dir='ltr'><strong>mentisque,</strong></span> <span class='ocrx_word' id='word_1_117' title='bbox 1145 2567 1208 2612; x_wconf 90' lang='lat' dir='ltr'><strong>nec</strong></span> <span class='ocrx_word' id='word_1_118' title='bbox 1226 2567 1376 2638; x_wconf 86' lang='lat' dir='ltr'><strong>unquam</strong></span> 
     </span>
     <span class='ocr_line' id='line_1_19' title="bbox 397 2661 1333 2758; baseline 0.001 -28"><span class='ocrx_word' id='word_1_119' title='bbox 397 2661 578 2756; x_wconf 85' lang='lat' dir='ltr'><strong>Indignum</strong></span> <span class='ocrx_word' id='word_1_120' title='bbox 597 2685 734 2757; x_wconf 87' lang='lat' dir='ltr'><strong>passure</strong></span> <span class='ocrx_word' id='word_1_121' title='bbox 753 2662 872 2751; x_wconf 89' lang='lat' dir='ltr'><strong>situm,</strong></span> <span class='ocrx_word' id='word_1_122' title='bbox 891 2665 950 2758; x_wconf 92' lang='lat' dir='ltr'><strong>qui</strong></span> <span class='ocrx_word' id='word_1_123' title='bbox 969 2665 1123 2733; x_wconf 88' lang='lat' dir='ltr'><strong>cominus</strong></span> <span class='ocrx_word' id='word_1_124' title='bbox 1142 2685 1244 2742; x_wconf 83' lang='lat' dir='ltr'><strong>ausus</strong></span> <span class='ocrx_word' id='word_1_125' title='bbox 1330 2683 1333 2688; x_wconf 86' lang='lat'>·</span> 
     </span>
     <span class='ocr_line' id='line_1_20' title="bbox 394 2780 1302 2886; baseline 0.003 -37"><span class='ocrx_word' id='word_1_126' title='bbox 394 2780 749 2864; x_wconf 69' lang='lat' dir='ltr'><strong>Vaderecontntum</strong></span> <span class='ocrx_word' id='word_1_127' title='bbox 769 2785 871 2878; x_wconf 81' lang='lat' dir='ltr'><strong>regis,</strong></span> <span class='ocrx_word' id='word_1_128' title='bbox 889 2807 1023 2878; x_wconf 89' lang='lat' dir='ltr'><strong>quaque</strong></span> <span class='ocrx_word' id='word_1_129' title='bbox 1043 2781 1154 2879; x_wconf 87' lang='lat' dir='ltr'><strong>ampla</strong></span> <span class='ocrx_word' id='word_1_130' title='bbox 1171 2782 1302 2886; x_wconf 78' lang='lat' dir='ltr'><strong>reniret</strong></span> 
     </span>
     <span class='ocr_line' id='line_1_21' title="bbox 393 2902 1245 3000; baseline 0.004 -30"><span class='ocrx_word' id='word_1_131' title='bbox 393 2903 545 2972; x_wconf 86' lang='lat' dir='ltr'><strong>Libertas</strong></span> <span class='ocrx_word' id='word_1_132' title='bbox 563 2904 692 2973; x_wconf 86' lang='lat' dir='ltr'><strong>sancire</strong></span> <span class='ocrx_word' id='word_1_133' title='bbox 711 2904 817 2990; x_wconf 85' lang='lat' dir='ltr'><strong>viam;</strong></span> <span class='ocrx_word' id='word_1_134' title='bbox 838 2928 906 2997; x_wconf 92' lang='lat' dir='ltr'><strong>quo</strong></span> <span class='ocrx_word' id='word_1_135' title='bbox 923 2905 1071 2974; x_wconf 86' lang='lat' dir='ltr'><strong>carmine</strong></span> <span class='ocrx_word' id='word_1_136' title='bbox 1090 2902 1245 3000; x_wconf 78' lang='lat' dir='ltr'><strong>dignam,</strong></span> 
     </span>
    </p>

    <p class='ocr_par' dir='ltr' id='par_1_6' title="bbox 384 3025 1296 3482">
     <span class='ocr_line' id='line_1_22' title="bbox 394 3025 1241 3114; baseline 0.004 -21"><span class='ocrx_word' id='word_1_137' title='bbox 394 3025 475 3112; x_wconf 89' lang='lat' dir='ltr'><strong>Quo</strong></span> <span class='ocrx_word' id='word_1_138' title='bbox 496 3026 575 3095; x_wconf 84' lang='lat' dir='ltr'><strong>sutis</strong></span> <span class='ocrx_word' id='word_1_139' title='bbox 593 3049 652 3095; x_wconf 88' lang='lat' dir='ltr'><strong>ore</strong></span> <span class='ocrx_word' id='word_1_140' title='bbox 673 3026 737 3096; x_wconf 87' lang='lat' dir='ltr'><strong>tuis</strong></span> <span class='ocrx_word' id='word_1_141' title='bbox 757 3025 880 3094; x_wconf 88' lang='lat' dir='ltr'><strong>famam</strong></span> <span class='ocrx_word' id='word_1_142' title='bbox 897 3026 1080 3096; x_wconf 85' lang='lat' dir='ltr'><strong>virtutibus</strong></span> <span class='ocrx_word' id='word_1_143' title='bbox 1102 3025 1241 3114; x_wconf 89' lang='lat' dir='ltr'><strong>addam,</strong></span> 
     </span>
     <span class='ocr_line' id='line_1_23' title="bbox 384 3143 1203 3240; baseline 0.001 -25"><span class='ocrx_word' id='word_1_144' title='bbox 384 3147 511 3240; x_wconf 61' lang='lat' dir='ltr'><strong>⁴Augur</strong></span> <span class='ocrx_word' id='word_1_145' title='bbox 527 3158 638 3216; x_wconf 87' lang='lat' dir='ltr'><strong>amate</strong></span> <span class='ocrx_word' id='word_1_146' title='bbox 652 3143 755 3216; x_wconf 80' lang='lat' dir='ltr'><strong>Deis?</strong></span> <span class='ocrx_word' id='word_1_147' title='bbox 776 3170 845 3214; x_wconf 93' lang='lat' dir='ltr'><strong>non</strong></span> <span class='ocrx_word' id='word_1_148' title='bbox 860 3161 894 3216; x_wconf 92' lang='lat' dir='ltr'><strong>te</strong></span> <span class='ocrx_word' id='word_1_149' title='bbox 911 3144 1058 3216; x_wconf 86' lang='lat' dir='ltr'><strong>coelestia</strong></span> <span class='ocrx_word' id='word_1_150' title='bbox 1078 3146 1203 3218; x_wconf 84' lang='lat' dir='ltr'><strong>frustra</strong></span> 
     </span>
     <span class='ocr_line' id='line_1_24' title="bbox 391 3263 1233 3368; baseline 0.002 -34"><span class='ocrx_word' id='word_1_151' title='bbox 391 3263 550 3353; x_wconf 89' lang='lat' dir='ltr'><strong>Edocuit,</strong></span> <span class='ocrx_word' id='word_1_152' title='bbox 572 3263 734 3360; x_wconf 82' lang='lat' dir='ltr'><strong>lauroque</strong></span> <span class='ocrx_word' id='word_1_153' title='bbox 753 3291 814 3336; x_wconf 90' lang='lat' dir='ltr'><strong>sua</strong></span> <span class='ocrx_word' id='word_1_154' title='bbox 834 3265 993 3362; x_wconf 77' lang='lat' dir='ltr'><strong>diguatus</strong></span> <span class='ocrx_word' id='word_1_155' title='bbox 1013 3265 1136 3364; x_wconf 82' lang='lat' dir='ltr'><strong>Apollo</strong></span> <span class='ocrx_word' id='word_1_156' title='bbox 1154 3283 1233 3368; x_wconf 67' lang='lat' dir='ltr'><strong>ests</strong></span> 
     </span>
     <span class='ocr_line' id='line_1_25' title="bbox 391 3371 1296 3482; baseline 0.004 -28"><span class='ocrx_word' id='word_1_157' title='bbox 391 3389 436 3454; x_wconf 92' lang='lat' dir='ltr'><strong>Et</strong></span> <span class='ocrx_word' id='word_1_158' title='bbox 449 3371 622 3460; x_wconf 74' lang='lat' dir='ltr'><strong>nemorum</strong></span> <span class='ocrx_word' id='word_1_159' title='bbox 637 3385 781 3456; x_wconf 89' lang='lat' dir='ltr'><strong>Dodona</strong></span> <span class='ocrx_word' id='word_1_160' title='bbox 798 3410 938 3479; x_wconf 87' lang='lat' dir='ltr'><strong>parens,</strong></span> <span class='ocrx_word' id='word_1_161' title='bbox 956 3387 1181 3482; x_wconf 72' lang='lat' dir='ltr'><strong>Cyrrhaeaque</strong></span> <span class='ocrx_word' id='word_1_162' title='bbox 1199 3389 1296 3482; x_wconf 80' lang='lat' dir='ltr'><strong>virgo</strong></span> 
     </span>
    </p>
   </div>
   <div class='ocr_carea' id='block_1_3' title="bbox 389 3503 1346 4206">
    <p class='ocr_par' dir='ltr' id='par_1_7' title="bbox 392 3503 1209 3602">
     <span class='ocr_line' id='line_1_26' title="bbox 392 3503 1209 3602; baseline 0 -26"><span class='ocrx_word' id='word_1_163' title='bbox 392 3505 534 3580; x_wconf 73' lang='lat' dir='ltr'><strong>audebit</strong></span> <span class='ocrx_word' id='word_1_164' title='bbox 554 3508 655 3578; x_wconf 84' lang='lat' dir='ltr'><strong>tacito</strong></span> <span class='ocrx_word' id='word_1_165' title='bbox 675 3504 818 3602; x_wconf 88' lang='lat' dir='ltr'><strong>populos</strong></span> <span class='ocrx_word' id='word_1_166' title='bbox 838 3507 1042 3601; x_wconf 86' lang='lat' dir='ltr'><strong>suspendere</strong></span> <span class='ocrx_word' id='word_1_167' title='bbox 1061 3503 1209 3578; x_wconf 86' lang='lat' dir='ltr'><strong>Phoebo!</strong></span> 
     </span>
    </p>

    <p class='ocr_par' dir='ltr' id='par_1_8' title="bbox 390 3627 1278 3850">
     <span class='ocr_line' id='line_1_27' title="bbox 392 3627 1278 3721; baseline 0.002 -25"><span class='ocrx_word' id='word_1_168' title='bbox 392 3627 493 3696; x_wconf 86' lang='lat' dir='ltr'><strong>Nunc</strong></span> <span class='ocrx_word' id='word_1_169' title='bbox 509 3651 644 3721; x_wconf 91' lang='lat' dir='ltr'><strong>quoque</strong></span> <span class='ocrx_word' id='word_1_170' title='bbox 662 3631 822 3698; x_wconf 84' lang='lat' dir='ltr'><strong>Tartareo</strong></span> <span class='ocrx_word' id='word_1_171' title='bbox 842 3627 988 3698; x_wconf 89' lang='lat' dir='ltr'><strong>multum</strong></span> <span class='ocrx_word' id='word_1_172' title='bbox 1006 3627 1132 3697; x_wconf 84' lang='lat' dir='ltr'><strong>divisus</strong></span> <span class='ocrx_word' id='word_1_173' title='bbox 1145 3631 1278 3700; x_wconf 76' lang='lat' dir='ltr'><strong>Averno</strong></span> 
     </span>
     <span class='ocr_line' id='line_1_28' title="bbox 390 3745 1200 3850; baseline 0.006 -37"><span class='ocrx_word' id='word_1_174' title='bbox 390 3745 531 3839; x_wconf 85' lang='lat' dir='ltr'><strong>Elysias,</strong></span> <span class='ocrx_word' id='word_1_175' title='bbox 548 3747 575 3836; x_wconf 89' lang='lat' dir='ltr'><strong>i,</strong></span> <span class='ocrx_word' id='word_1_176' title='bbox 595 3771 695 3841; x_wconf 86' lang='lat' dir='ltr'><strong>carpe</strong></span> <span class='ocrx_word' id='word_1_177' title='bbox 715 3746 856 3844; x_wconf 82' lang='lat' dir='ltr'><strong>plagas:</strong></span> <span class='ocrx_word' id='word_1_178' title='bbox 876 3749 935 3818; x_wconf 87' lang='lat' dir='ltr'><strong>ubi</strong></span> <span class='ocrx_word' id='word_1_179' title='bbox 953 3747 1116 3850; x_wconf 33' lang='lat' dir='ltr'><strong>manibus,</strong></span> <span class='ocrx_word' id='word_1_180' title='bbox 1129 3749 1200 3818; x_wconf 85' lang='lat' dir='ltr'><strong>axis</strong></span> 
     </span>
    </p>

    <p class='ocr_par' dir='ltr' id='par_1_9' title="bbox 390 3865 1189 3964">
     <span class='ocr_line' id='line_1_29' title="bbox 390 3865 1189 3964; baseline 0.008 -31"><span class='ocrx_word' id='word_1_181' title='bbox 390 3865 505 3935; x_wconf 86' lang='lat' dir='ltr'><strong>Invius</strong></span> <span class='ocrx_word' id='word_1_182' title='bbox 524 3868 679 3962; x_wconf 81' lang='lat' dir='ltr'><strong>Ogygiis,</strong></span> <span class='ocrx_word' id='word_1_183' title='bbox 697 3893 759 3937; x_wconf 88' lang='lat' dir='ltr'><strong>nec</strong></span> <span class='ocrx_word' id='word_1_184' title='bbox 781 3871 888 3939; x_wconf 88' lang='lat' dir='ltr'><strong>sontis</strong></span> <span class='ocrx_word' id='word_1_185' title='bbox 907 3869 1024 3964; x_wconf 84' lang='lat' dir='ltr'><strong>iniqua</strong></span> <span class='ocrx_word' id='word_1_186' title='bbox 1039 3869 1189 3964; x_wconf 77' lang='lat' dir='ltr'><strong>Tyranni</strong></span> 
     </span>
    </p>

    <p class='ocr_par' dir='ltr' id='par_1_10' title="bbox 389 3985 1346 4206">
     <span class='ocr_line' id='line_1_30' title="bbox 389 3985 1346 4080; baseline 0.009 -26"><span class='ocrx_word' id='word_1_187' title='bbox 389 3990 485 4056; x_wconf 82' lang='lat' dir='ltr'><strong>Iussa</strong></span> <span class='ocrx_word' id='word_1_188' title='bbox 502 3985 615 4074; x_wconf 87' lang='lat' dir='ltr'><strong>valent</strong></span> <span class='ocrx_word' id='word_1_189' title='bbox 632 4013 640 4056; x_wconf 74' lang='grc' dir='ltr'><strong><em>ε</em></strong></span> <span class='ocrx_word' id='word_1_190' title='bbox 660 3988 783 4058; x_wconf 88' lang='lat' dir='ltr'><strong>durent</strong></span> <span class='ocrx_word' id='word_1_191' title='bbox 799 3989 954 4080; x_wconf 84' lang='lat' dir='ltr'><strong>habitus,</strong></span> <span class='ocrx_word' id='word_1_192' title='bbox 971 4004 1005 4058; x_wconf 88' lang='lat' dir='ltr'><strong>et</strong></span> <span class='ocrx_word' id='word_1_193' title='bbox 1026 3991 1175 4059; x_wconf 86' lang='lat' dir='ltr'><strong>membra</strong></span> <span class='ocrx_word' id='word_1_194' title='bbox 1196 3993 1346 4063; x_wconf 86' lang='lat' dir='ltr'><strong>cruentis</strong></span> 
     </span>
     <span class='ocr_line' id='line_1_31' title="bbox 389 4104 1187 4206; baseline 0.01 -31"><span class='ocrx_word' id='word_1_195' title='bbox 389 4104 555 4177; x_wconf 87' lang='lat' dir='ltr'><strong>Inviolata</strong></span> <span class='ocrx_word' id='word_1_196' title='bbox 572 4106 667 4196; x_wconf 84' lang='lat' dir='ltr'><strong>feris,</strong></span> <span class='ocrx_word' id='word_1_197' title='bbox 686 4109 926 4205; x_wconf 88' lang='lat' dir='ltr'><strong>nudoquesub</strong></span> <span class='ocrx_word' id='word_1_198' title='bbox 945 4136 1006 4182; x_wconf 85' lang='lat' dir='ltr'><strong>axe</strong></span> <span class='ocrx_word' id='word_1_199' title='bbox 1019 4113 1187 4206; x_wconf 86' lang='lat' dir='ltr'><strong>jacentem</strong></span> 
     </span>
    </p>
   </div>
   <div class='ocr_carea' id='block_1_4' title="bbox 0 0 1604 5142">
    <p class='ocr_par' dir='ltr' id='par_1_11' title="bbox 0 0 1604 5142">
     <span class='ocr_line' id='line_1_32' title="bbox 0 0 1604 5142; baseline 0 4"><span class='ocrx_word' id='word_1_200' title='bbox 0 0 1604 5142; x_wconf 95' lang='lat' dir='ltr'><strong> </strong></span> 
     </span>
    </p>
   </div>
  </div>
 </body>
</html>
