3206 5136
364 473 403 540 1,ss
462 535 467 542 ,
686 475 902 534 Tuunamos
923 477 1035 534 LIBER
1054 477 1091 531 V.
1301 477 1339 541 (v.
1351 477 1437 538 535.)

362 607 461 672 Sorte
478 601 589 672 dedit?
610 615 690 670 tune
706 602 772 672 hoc
787 604 844 671 vir
862 603 971 696 prima
989 601 1034 670 ad
1054 600 1171 670 limina
1190 601 1268 672 vitae

363 727 468 794 Hoste
481 721 594 817 jaces?
614 747 659 792 an
678 737 716 790 ut
736 722 814 791 inde
832 747 927 792 sacer
944 747 1006 818 per
1020 719 1143 792 saecula
1160 723 1274 794 Graiis

363 844 547 932 Gentibus,
567 857 600 911 et
617 855 712 912 tanto
730 841 853 938 dignus
871 866 1042 913 morerere
1058 839 1236 937 sepulcro?

362 963 498 1036 Occidis
513 979 668 1034 extrema
683 961 862 1033 destrictus
875 963 1018 1032 verbere
1032 963 1147 1034 caudae

362 1089 487 1182 Ignaro
502 1098 657 1179 serpente
670 1107 755 1178 puer
769 1109 777 1152 :
794 1083 882 1179 fugit
895 1083 986 1154 ilicet
999 1099 1093 1154 artus

362 1208 525 1294 Somnus,
540 1220 575 1274 et
588 1206 624 1273 in
639 1203 744 1274 solam
758 1220 942 1301 patuerunt
955 1204 1082 1276 lumina
1096 1221 1251 1276 mortem.

412 1327 530 1414 Quum
549 1340 663 1404 tamen
682 1327 824 1395 attonito
842 1327 988 1395 moriens
1008 1327 1139 1420 vagitus
1159 1328 1311 1396 inauras

362 1445 514 1535 Excidit,
536 1459 570 1515 et
587 1447 698 1540 ruptis
718 1447 891 1515 immutuit
908 1469 968 1516 ore
987 1443 1150 1542 querelis,

363 1564 488 1655 Qualia
508 1590 577 1636 non
598 1580 686 1635 totas
704 1580 871 1661 peragunt
889 1567 1055 1636 insomnia
1074 1591 1189 1656 voces,

362 1686 479 1759 Audiit
497 1684 697 1782 Hypsipyle,
717 1684 916 1781 facilemque
933 1688 1092 1782 negantia
1110 1711 1245 1758 cursum

364 1807 537 1884 Exanimis
557 1831 668 1903 genua
686 1831 774 1902 aegra
791 1809 898 1903 rapit;
911 1808 984 1900 jam
1002 1823 1095 1878 certa
1113 1809 1280 1880 malorum

362 1929 488 1998 Mentis
509 1929 552 2005 ab
571 1929 734 2024 augurio,
753 1953 936 2025 sparsoque
956 1953 1017 2023 per
1037 1931 1152 1999 omnia
1170 1931 1242 2000 visu

364 2054 502 2120 Lustrat
519 2049 661 2120 humum
684 2075 853 2144 quaerens,
876 2063 911 2118 et
931 2065 1012 2120 nota
1032 2048 1196 2120 vocabula
1215 2075 1324 2144 parvo

364 2171 601 2268 Nequicquam
612 2172 823 2266 ingeminans
834 2197 842 2239 ε
855 2195 1021 2265 nusquam
1034 2169 1107 2256 ille,
1118 2185 1153 2240 et
1160 2185 1258 2265 prata
1267 2186 1420 2241 recentes

364 2292 517 2368 Amisere
533 2305 630 2360 notas
648 2317 655 2359 :
672 2290 772 2360 viridi
788 2293 885 2387 piger
901 2292 1041 2360 accubat
1056 2290 1162 2361 hostis

363 2409 534 2488 Collectus
555 2437 657 2507 gyro,
678 2412 892 2506 spatiosaque
909 2411 1029 2506 jugera
1048 2409 1209 2506 complet,

364 2531 419 2600 Sic
436 2531 538 2606 etiam
555 2529 693 2625 obliqua
710 2532 874 2602 cervicem
893 2546 1050 2627 expostus
1069 2532 1104 2602 in
1122 2527 1209 2600 alvo.

362 2653 504 2728 Horruit
521 2650 637 2720 infelix
656 2653 750 2739 visu,
768 2650 938 2746 longoque
956 2650 1164 2746 profundum

363 2772 517 2846 Incendit
536 2770 682 2842 clamore
700 2796 817 2842 nemus
839 2799 847 2841 :
869 2797 930 2842 nec
950 2772 1087 2842 territus
1107 2770 1181 2862 ille,

364 2893 429 2963 Sed
445 2893 548 2986 jaoet.
567 2891 741 2988 Argolicas
762 2891 909 2964 ultdatus
930 2891 1050 2962 flebilis
1069 2916 1166 2962 aures

363 3012 502 3107 Impulit
523 3040 531 3082 ε
552 3012 720 3109 extemplo
739 3016 871 3084 monitu
890 3013 985 3083 ducis
1006 3012 1141 3084 advolat
1160 3013 1281 3084 ardens

362 3137 466 3210 Arcas
481 3159 596 3229 eques,
612 3159 812 3228 causamque
826 3133 938 3204 refert.
950 3136 979 3204 T
981 3159 1039 3203 um
1050 3159 1243 3227 squammea
1254 3135 1392 3204 denum

361 3257 494 3326 Torvus
512 3254 556 3323 ad
573 3279 744 3324 murorum
761 3255 874 3324 radios
891 3254 1130 3348 fremitumque
1144 3256 1296 3324 virorum

362 3372 460 3448 Colla
480 3390 592 3444 movet
612 3401 621 3444 ε
644 3379 734 3470 rapit
753 3377 881 3470 ingenti
900 3376 1076 3445 conamine
1096 3397 1232 3458 saxum,

362 3495 441 3593 Quo
460 3493 622 3565 discretus
641 3519 736 3592 ager,
755 3521 943 3589 vacuasque
959 3494 1102 3592 impellit
1119 3495 1154 3562 in
1171 3519 1269 3564 auras

362 3614 497 3690 &dnus
515 3614 769 3708 Hippomedon,
788 3640 857 3710 quo
875 3617 1008 3686 turbine
1024 3614 1145 3685 bellica
1160 3612 1333 3707 quondam

362 3733 494 3804 Librati
513 3734 639 3804 saliunt
657 3751 832 3831 portarum
850 3739 886 3806 in
904 3735 1051 3806 claustra
1070 3733 1224 3804 molares.

362 3856 464 3923 Cassa
485 3853 562 3924 duci
583 3857 688 3926 virtus
711 3884 719 3926 :
742 3882 819 3926 nam
840 3857 954 3927 mollia
974 3855 1060 3926 colla
1079 3854 1212 3926 refusus

361 3974 401 4041 In
422 3987 553 4068 tergum
572 4000 708 4071 serpens
728 3981 916 4049 venientem
935 3979 1134 4048 exhauserat
1151 3976 1266 4048 ictum.

360 4093 429 4162 Dat
447 4096 594 4165 sonitum
613 4095 730 4185 sellus,
747 4123 992 4194 nemorumque
1009 4121 1165 4194 peraeta
1184 4095 1280 4166 densi
