3192 5148
490 469 683 534 sumunt
703 463 813 532 umus
834 477 870 531 11.

653 932 711 1034 [v.

313 1223 317 1230 ·
408 1217 507 1286 nno
532 1215 837 1316 uiusunrus
862 1215 963 1284 mir.

606 1593 767 1612 a*

210 1899 311 1987 Qun>
331 1899 392 1966 tibi
411 1913 580 1969 constrata
598 1925 828 1996 mansuescere
848 1902 976 1996 profuit
995 1903 1069 1970 ira?

163 2017 259 2110 Quid
280 2015 400 2105 scelus,
418 2019 649 2116 humanusque
668 2023 782 2092 animo
802 2022 970 2092 dediscere
985 2022 1109 2110 coedes,

163 2139 416 2233 Imperiumque
432 2141 518 2235 pati,
539 2155 572 2209 et
591 2140 729 2211 domino
749 2167 867 2236 parere
882 2141 1031 2211 minori?

163 2257 275 2349 Quid,
293 2259 385 2352 quod
404 2259 496 2329 abire
517 2259 632 2348 domo,
649 2285 831 2354 rursusque
847 2263 882 2330 in
902 2259 1047 2330 claustra
1068 2263 1189 2330 reverti

164 2381 301 2467 Suetus,
321 2392 391 2448 eta
410 2393 508 2474 capta
524 2383 594 2475 jam
613 2394 732 2475 sponte
747 2380 901 2451 recedere
922 2381 1049 2476 praeda,

166 2501 380 2593 Insertasque
395 2523 514 2570 manus
533 2498 609 2569 laxo
628 2501 797 2571 dimittere
819 2500 958 2570 morsui
982 2483 984 2486 ⁵

216 2618 368 2706 Occidis,
386 2617 529 2688 altarum
550 2633 697 2689 vastator
714 2645 799 2692 saeve
819 2621 986 2710 ferarum,

166 2741 247 2810 Non
268 2763 369 2833 grege
384 2733 548 2834 Massylo,
565 2765 734 2834 curvaque
750 2740 908 2837 indagine
927 2742 1075 2832 clausus,

167 2860 245 2930 Non
262 2857 441 2928 formidato
461 2885 561 2955 supra
577 2860 741 2930 venibule
760 2859 847 2930 saltu

167 2980 310 3067 lucitus,
327 2993 385 3048 aut
403 3005 489 3050 caeco
507 2981 609 3050 foveae
624 2980 782 3076 deceptus
801 2982 910 3071 hiatu,

169 3099 235 3170 Sed
250 3101 358 3170 victus
378 3101 526 3196 fugiente
541 3102 632 3189 sere3
649 3115 714 3172 stat
732 3103 867 3173 cardine
886 3119 1002 3200 aperto

169 3220 291 3292 Infelix
308 3246 427 3310 cavea,
446 3236 479 3291 et
498 3221 618 3292 clausis
639 3225 765 3294 circum
785 3225 935 3320 undique
954 3228 1059 3321 portis

169 3346 244 3412 Hoc
263 3341 394 3412 licuisse
411 3343 503 3412 nefas
518 3344 632 3438 pavidi
651 3346 794 3415 timuere
813 3344 936 3416 leones.

170 3465 268 3532 Tunc
283 3464 412 3531 cunctis
431 3462 580 3533 cecidere
597 3466 709 3558 jubae,
730 3465 916 3561 puduitque
934 3465 1076 3536 relatum

172 3582 346 3677 Aspicere,
365 3596 398 3651 et
419 3595 529 3652 torvas
548 3583 674 3654 duxere
693 3587 728 3653 in
747 3583 876 3654 lumina
895 3586 1031 3655 frontes.
1121 3575 1125 3590 ’

173 3707 219 3772 At
240 3716 271 3770 te
288 3727 358 3772 non
374 3680 484 3796 primo
503 3703 615 3773 fusum
635 3730 744 3774 novus
763 3705 877 3774 obruit
898 3705 966 3774 ictu
1049 3755 1053 3762 -

171 3819 234 3890 Ille
254 3819 384 3915 pudor3
403 3845 556 3894 mansere
574 3824 696 3912 animi,
711 3826 886 3917 virtusque
900 3822 1031 3893 cedenti

174 3944 204 4010 A
225 3940 333 4010 media
347 3944 417 4038 jam
433 3956 542 4012 morte
562 3942 677 4012 redit:
699 3970 761 4014 nec
781 3945 935 4040 protinus
956 3971 1072 4016 omnes

171 4063 280 4154 Terga
298 4059 418 4132 dedere
438 4064 537 4133 minae
559 4091 565 4132 :
589 4064 675 4134 sicut
691 4065 753 4134 sibi
772 4066 924 4135 conscius
941 4063 1000 4135 alti
