3200 5142
415 513 472 571 266
788 505 1085 566 annotamus

457 631 496 686 Et
512 627 577 703 rt'po
590 635 720 682 coerceat
732 625 826 679 undar
835 623 972 700 Cecropio
986 635 1119 700 stagnata
1131 626 1189 680 lato
1197 622 1236 704 (v.
1255 625 1328 704 ως).
1343 631 1365 684 l.
1380 648 1405 684 ε,
1424 631 1470 686 hi.

415 720 573 780 rundinuru
592 715 647 796 (ex
665 721 777 774 Procne
797 715 963 773 Atheniensi
985 713 1125 794 ortorum)
1138 735 1226 792 opere
1241 731 1376 796 congesto
1392 739 1469 777 m.

415 815 484 870 nita.
499 815 543 870 De
556 811 652 868 verbis
673 809 740 867 ride
757 811 896 881 Manen,
915 809 952 865 de
964 827 996 866 re
1016 810 1073 866 buc
1095 811 1308 869 nmaiemdos
1322 823 1364 869 est
1382 816 1470 871 locus

414 906 516 976 Plinii,
529 905 600 960 Hire.
615 915 689 970 rant,
704 921 737 972 x,
752 901 802 972 33,
816 911 881 956 sect.
899 909 935 976 49
951 921 957 956 ε
978 903 1037 958 «ln
1049 902 1165 978 egypti
1177 903 1367 962 heracleotico
1388 907 1471 964 ostio

415 994 609 1080 (hirundines)
622 997 727 1052 molem
741 994 958 1050 continuatione
969 993 1106 1052 uidorrnn
1120 997 1251 1073 evaganti
1264 997 1327 1054 Nilo
1336 998 1470 1074 inexpo-

415 1091 558 1170 gnnbilem
572 1098 738 1164 opponunt,
747 1085 832 1144 stadii
844 1087 903 1148 fert
916 1085 1104 1162 mriusspetio
1118 1107 1126 1143 ε
1140 1088 1222 1163 qnod
1235 1090 1360 1146 burnano
1374 1109 1471 1164 opere

414 1183 518 1262 perfici
534 1201 595 1240 nou
607 1191 712 1256 potest.
733 1181 768 1236 ln
781 1179 882 1242 endan
894 1180 1022 1256 AEgypto
1038 1179 1122 1252 juxta
1135 1179 1276 1254 oppidum
1289 1183 1405 1256 Copton
1419 1183 1470 1238 in-

415 1280 477 1338 snla
505 1287 547 1334 est
571 1293 649 1332 sarra
674 1273 757 1344 Isidi,
778 1291 866 1348 qrrarn
886 1289 923 1329 ne
942 1274 1047 1330 lacoeet
1073 1273 1175 1344 anns,
1198 1274 1303 1330 easdem
1328 1275 1471 1332 muniunt

416 1391 517 1448 opere,
540 1367 743 1444 incipientibus
760 1366 855 1423 vernis
873 1365 992 1436 diebus,
1009 1367 1093 1440 palea
1116 1377 1146 1422 et
1165 1372 1318 1423 stramento
1334 1379 1471 1426 rourum

417 1460 449 1541 (i.
468 1483 491 1520 e.
505 1463 632 1540 linguam
646 1468 861 1516 excurrentem:
876 1460 992 1527 Gnoso,
1010 1458 1124 1525 Distu,
1138 1477 1169 1532 p.
1186 1453 1258 1534 178)
1271 1459 1330 1532 eju
1342 1458 1469 1518 amn.

416 1570 471 1627 tes,
485 1553 659 1613 continuatis
671 1570 725 1626 per
737 1550 866 1608 triduum
880 1549 1016 1608 noctibus
1032 1568 1040 1605 t
1056 1560 1138 1607 tanto
1151 1551 1267 1622 labore,
1279 1561 1312 1607 ut
1323 1555 1430 1610 mulus
1439 1555 1470 1608 in

305 1650 307 1661 ¹
416 1667 504 1724 opere
522 1646 612 1704 emori
625 1655 743 1701 constet.
759 1645 799 1700 Ea
811 1642 913 1698 militia
929 1642 985 1698 illis
1001 1661 1067 1697 cum
1084 1660 1161 1698 anno
1180 1642 1255 1698 redit
1268 1659 1387 1717 semper,
1397 1669 1410 1696 .
1428 1675 1471 1688 ..-

416 1743 517 1797 Invida
530 1737 686 1814 Memphis.
702 1739 724 1792 1.
740 1756 764 1792 e.
779 1755 844 1810 qne
856 1735 999 1792 exusneis
1012 1753 1091 1792 saera
1105 1753 1155 1792 sua
1168 1745 1197 1791 et
1210 1735 1356 1810 antiquam
1371 1739 1471 1794 scien-

416 1833 485 1890 tiam
499 1831 625 1888 invideat
639 1848 733 1904 neque
747 1829 958 1885 communicare
971 1827 1048 1884 velit.
1063 1829 1108 1884 lta
1124 1828 1184 1884 iere
1202 1829 1363 1886 Beroaldus.

458 1925 629 1999 Therapnaei
641 1921 679 1999 (v.
700 1921 774 2000 ιιι).
788 1919 1010 1990 Lacedaemonii,
1025 1939 1042 1978 a
1056 1921 1192 1994 Canopo,
1209 1921 1331 1976 Menelai
1349 1925 1466 1997 gnber-

416 2030 526 2076 natore.

461 2112 589 2167 Letboeus
595 2104 752 2184 janitor(v.
765 2103 841 2183 rra).
857 2103 1021 2161 Gronovius
1035 2104 1109 2160 bene
1125 2105 1264 2162 intellexit
1277 2107 1313 2162 de
1327 2109 1467 2164 Anubide

415 2213 583 2283 autumno,
601 2219 690 2276 quare
705 2201 832 2256 Cerbero
846 2198 910 2254 caui
923 2215 991 2254 euru
1003 2196 1198 2254 assimilaverit
1221 2200 1342 2270 Statius;
1354 2203 1466 2258 multus

416 2310 459 2355 cst
472 2299 507 2354 de
520 2297 574 2353 hac
587 2313 631 2364 re,
645 2313 674 2368 p.
694 2294 747 2364 187
763 2311 826 2367 sqq.

457 2390 573 2445 Blando
593 2405 651 2462 quo
674 2403 768 2440 merso
781 2403 890 2440 veneno
917 2381 954 2458 (v.
981 2379 1057 2458 119).
1073 2382 1162 2456 Quod
1180 2383 1311 2457 aspidum
1325 2403 1469 2442 venenum

418 2494 535 2556 torpore
548 2489 577 2535 et
591 2495 692 2534 somno
706 2475 893 2548 conficiebat3
907 2485 936 2530 et
948 2475 1040 2550 mergi
1050 2485 1092 2531 est
1106 2474 1227 2530 verbum
1240 2474 1276 2531 de
1290 2495 1391 2532 somno
1406 2479 1468 2536 usi-

417 2583 516 2629 tatum.
530 2573 597 2626 Non
612 2587 685 2643 opus
699 2568 876 2640 conjectura,
886 2567 1016 2641 alioquin
1028 2577 1127 2636 acuta,
1141 2565 1304 2624 Marklandi
1318 2589 1325 2624 :
1342 2581 1467 2626 veterno.

357 2695 359 2700 ·
458 2665 579 2721 Srilorrr‘r's
600 2664 700 2718 iterata
714 2662 795 2716 cadis
815 2658 853 2737 (v.
877 2655 953 2736 140).
976 2659 1052 2728 Quia
1071 2657 1183 2714 sidonia
1201 2669 1230 2714 et
1247 2661 1321 2736 tyria
1337 2679 1469 2738 purpura

420 2759 553 2833 dibapha.
571 2755 647 2812 Vide
666 2756 787 2812 Mansa.

460 2853 554 2908 Canu.
572 2851 624 2905 111.
647 2851 714 2904 Duo
729 2847 815 2904 codd.
830 2850 920 2903 Gron.
937 2856 966 2900 et
985 2845 1108 2920 Rhcdig.
1125 2866 1132 2900 τ
1150 2847 1311 2903 Consolatio
1325 2851 1365 2903 ad
1379 2851 1468 2905 Clon-

419 2949 497 3002 dr'rrm
524 2945 683 3000 Etruscum.
706 2945 749 2997 De
770 2942 834 2997 viro
857 2941 917 2995 hac
937 2939 1081 2998 Domitius
1110 2959 1117 2993 :
1141 2963 1153 2989 ι
1171 2941 1307 2996 Claudius
1332 2943 1469 2997 amus

421 3043 597 3113 Smyrnaeus,
613 3035 707 3090 servili
723 3032 1020 3089 conditioncllomanr
1034 3031 1199 3102 translatus,
1214 3031 1245 3087 in
1263 3033 1469 3106 imperatorum

421 3134 485 3188 aula
499 3128 630 3196 servivit,
649 3126 757 3183 Tiberii
777 3125 919 3199 primurn,
938 3141 1029 3198 aquo
1046 3124 1176 3180 libertate
1191 3135 1232 3180 est
1253 3124 1382 3182 donatus.
1399 3129 1471 3182 Mox

421 3225 451 3279 in
466 3224 530 3280 aula
549 3219 682 3294 Caligula
702 3219 819 3287 mansit}
834 3229 862 3274 et
876 3215 988 3274 Claudii
1009 3216 1060 3290 qui
1079 3216 1225 3288 successit,
1244 3226 1271 3271 et
1291 3217 1424 3273 Neronis.
1447 3225 1471 3274 A

422 3313 587 3372 Domitiano
602 3312 632 3366 in
647 3310 777 3366 exsilium
790 3311 890 3370 missus
904 3319 962 3379 est,
977 3327 1068 3386 quum
1084 3307 1113 3362 in
1134 3327 1165 3362 re
1179 3308 1269 3362 aerarii
1282 3304 1355 3384 (sive
1372 3313 1472 3382 potius

422 3407 483 3464 fisci
498 3427 505 3462 ε
520 3407 605 3462 fuisse
618 3404 694 3461 enim
707 3403 823 3459 videtur
838 3405 1021 3478 dispensator
1030 3399 1222 3474 imperatoris,
1238 3401 1273 3455 ci.
1288 3403 1422 3458 Grvsnr.
1437 3405 1471 3460 ad

423 3521 449 3557 v.
466 3499 503 3558 86
516 3499 528 3577 )
540 3495 763 3554 administranda
785 3494 841 3552 leri
858 3495 987 3570 quodam
1006 3511 1103 3550 errore
1120 3494 1216 3566 lapsus
1236 3504 1323 3563 esset;
1340 3495 1473 3570 lacrymis

378 3603 381 3614 '
424 3605 452 3650 et
466 3593 572 3666 pietate
585 3589 636 3645 filii
648 3589 744 3646 reditu
758 3589 913 3664 impetrato
925 3598 1076 3644 revocatus
1090 3596 1139 3642 est.
1155 3589 1253 3656 Quum
1268 3586 1306 3642 ad
1319 3592 1473 3662 nonagesi-

423 3703 503 3742 mum
520 3684 607 3738 atatis
620 3701 725 3738 annum
741 3682 932 3755 pervenisset,
946 3690 1077 3735 mortuus
1091 3679 1185 3735 illatus
1198 3689 1240 3734 est
1261 3680 1371 3734 tumulo
1391 3699 1471 3736 uxo-

425 3779 477 3849 ris,
496 3773 617 3833 defletus
634 3776 704 3831 mira
719 3774 825 3847 pietate
843 3771 925 3828 filii.»

467 3867 628 3942 {agrosque
643 3879 731 3942 putat
743 3865 918 3942 properasse
936 3883 1043 3920 sorores
1056 3860 1096 3940 (v.
1113 3859 1170 3939 nr).
1186 3862 1306 3936 Egregie
1324 3861 1473 3933 Heinsius,

427 3961 568 4042 probante
582 3961 667 4016 etiam
676 3961 778 4016 Markl.
785 4000 794 4030 ‚
802 3960 922 4034 pigram
937 3957 1019 4032 quod
1033 3957 1091 4014 sine
1105 3973 1186 4012 mora
1195 3953 1391 4028 recipiendum
1405 3967 1474 4013 erat.

468 4059 503 4109 V.
525 4063 561 4129 49
582 4073 623 4128 sq.
648 4055 695 4110 Sic
713 4052 873 4108 Martianus
887 4052 1002 4125 Capella
1024 4051 1103 4125 apud
1122 4046 1223 4104 Markl.
1239 4067 1246 4101 r
1262 4071 1274 4097 ι
1290 4047 1474 4124 Alternisque

428 4151 500 4227 regit
516 4157 545 4206 et
557 4147 667 4223 regitur
683 4147 796 4221 polus.»
