3172 5142
403 470 456 512 tan
698 453 915 512 canuslnus
935 454 1047 512 uultu
1070 453 1150 510 vllt.
1349 453 1390 513 ('·
1403 452 1475 506 πὶ)

397 581 442 648 Et
459 575 562 673 galee
581 576 718 648 vittatus
735 577 839 672 apex?
857 577 922 648 boc
939 593 1052 664 anna,
1069 576 1229 670 lacusque

397 695 556 768 Castalii?
573 695 811 791 tripodumque
827 696 929 768 fides?
947 701 995 768 sic
1012 712 1128 794 gratus
1146 694 1288 790 Apollo?

396 819 482 906 Quis
501 817 583 886 mibi
601 815 749 886 sidereos
768 817 899 912 lapsus,
918 832 1131 911 mentemque
1148 817 1274 886 sinistri

396 935 569 1032 Fulguris,
591 952 651 1007 ant
667 939 758 1008 cesis
775 935 872 1008 saliet
888 936 981 1032 quod
1001 963 1125 1008 numen
1147 939 1181 1006 in
1199 938 1302 1022 extis,

395 1057 542 1149 Quando
560 1059 634 1146 iter,
654 1057 744 1128 unde
761 1083 884 1147 more,
901 1083 976 1153 qne
989 1060 1084 1130 sevis
1098 1055 1189 1128 utilis
1203 1057 1324 1144 armis,

395 1180 481 1268 Quoe
499 1203 617 1275 pacem
635 1180 742 1274 magis
761 1180 846 1250 bora
866 1179 966 1268 velit,
985 1182 1060 1273 quis
1072 1181 1142 1274 jam
1156 1203 1256 1248 omne
1272 1177 1447 1248 futur-um

394 1297 564 1370 Proferet?
584 1314 644 1368 aut
662 1325 739 1370 cum
756 1325 824 1393 quo
848 1299 1000 1370 volucres
1018 1299 1177 1370 meelate
1197 1294 1416 1391 loquuntur?

395 1425 465 1489 Hos
484 1445 620 1516 quoque
637 1418 801 1490 bellorum
818 1446 914 1492 casus
931 1422 1113 1515 nobisque,
1130 1419 1275 1514 tibique,

394 1542 605 1630 Praescieres,
624 1557 658 1612 et
671 1541 814 1638 (quanta
834 1568 931 1613 sacro
951 1543 1014 1614 sub
1030 1557 1166 1637 pectore
1182 1537 1329 1634 virms!)

395 1666 526 1735 Venisti
543 1679 675 1755 tamen,
692 1681 726 1736 et
745 1668 876 1736 miseris
893 1691 1006 1738 comes
1023 1665 1156 1736 additus
1175 1667 1288 1735 armis.

394 1790 438 1856 Et
459 1812 562 1880 quum
581 1801 613 1856 te
634 1783 752 1876 tellus,
767 1787 944 1883 fatalisque
957 1788 1042 1858 bora
1061 1803 1216 1873 vocaret,

393 1911 445 1978 Tu
462 1909 581 2002 Tyrios
602 1909 706 1997 ecies,
725 1909 932 2012 adversoque
951 1910 1066 2005 signa,
1085 1909 1210 1978 vacasti

395 2032 576 2098 Sternere:
594 2043 675 2098 tunc
694 2029 796 2098 etiam
817 2029 928 2100 media
943 2029 985 2099 de
1000 2045 1109 2100 morte
1127 2027 1318 2098 timendum

393 2149 572 2236 Hostibus,
592 2148 777 2242 infestaque
795 2150 973 2220 abeuntem
994 2150 1139 2220 vidimus
1159 2150 1265 2218 basta.

393 2275 437 2340 Et
454 2294 545 2338 nnnc
563 2284 596 2338 te
612 2269 688 2364 quis
707 2293 803 2340 casus
823 2271 949 2341 babet?
967 2273 1137 2367 poterisne
1152 2271 1273 2339 reverti

394 2391 535 2461 Sedibus
553 2414 572 2458 a
591 2391 733 2485 Stygiis,
750 2389 885 2486 altaque
901 2417 1078 2486 erumpere
1096 2390 1208 2460 mera?

395 2514 494 2582 Anne
512 2510 605 2580 sedes
623 2508 740 2582 hilaris
754 2513 850 2606 juxta
867 2527 925 2582 tua
944 2513 1084 2584 numina
1100 2511 1238 2582 Parcas?

393 2635 438 2701 Et
456 2632 526 2702 vice
544 2629 704 2702 concordi
725 2629 826 2702 discis
845 2646 1002 2721 ventura,
1026 2631 1217 2726 docesque?

392 2756 445 2822 An
465 2752 525 2820 tibi
546 2749 657 2820 felices
677 2749 771 2822 lucos
788 2753 967 2824 miseratus
986 2755 1112 2823 Averni

395 2875 519 2941 Rector
536 2887 570 2940 et
586 2869 714 2966 Elysias
732 2871 828 2942 dedit
846 2875 1017 2944 inservare
1036 2872 1212 2944 volucres?

393 2991 571 3085 Quidquid
591 3016 642 3080 es,
661 3006 804 3062 eternus
821 2993 949 3066 Pboebo
968 2992 1078 3081 dolor,
1096 3009 1128 3064 et
1147 3019 1234 3064 nova
1248 2992 1364 3062 clades

393 3118 530 3208 Semper
544 3113 625 3200 eris,
643 3114 810 3207 mutisque
829 3113 887 3184 din
905 3113 1082 3210 plorabere
1095 3115 1247 3210 Delphis.

392 3235 457 3303 Hic
475 3233 652 3320 Tenedon,
673 3234 906 3328 Cyrrhamqne
925 3235 1014 3325 dies,
1033 3252 1198 3331 partuque
1217 3235 1356 3330 ligatam

393 3353 521 3441 Delon,
541 3369 575 3422 et
588 3356 714 3423 intonsi
732 3352 847 3425 cludet
866 3356 1049 3451 penetralia
1068 3358 1224 3427 Branchi.

392 3477 465 3545 Nec
483 3473 612 3544 Clarias
632 3474 695 3544 bac
716 3473 791 3548 luce
807 3476 917 3565 fores,
938 3478 1180 3572 Didymeaque
1194 3481 1374 3573 qnisquam

393 3595 547 3680 Limina,
567 3617 629 3664 nec
649 3597 786 3689 Lyciam
806 3596 947 3692 supplex
960 3599 1133 3669 consultor
1148 3598 1264 3668 adibit.

329 3711 333 3720 '
393 3715 488 3803 Quin
505 3729 537 3783 et
554 3715 721 3810 cornigeri
737 3719 822 3785 vatis
842 3743 979 3806 nemus,
1001 3735 1102 3814 atque
1120 3718 1259 3790 Molossi

392 3837 548 3924 Quercus
569 3833 690 3904 anhela
707 3838 815 3926 Jovis,
835 3839 1051 3934 Trojanaqne
1069 3841 1241 3936 Thymbra
1261 3841 1395 3910 tacebit.

395 3958 461 4050 Ipsi
482 3981 614 4044 amnes,
634 3958 781 4052 ipsaeque
796 3957 909 4030 volent
922 3987 1070 4031 arescere
1088 3961 1213 4031 laurus.

389 4079 462 4172 lpse
486 4074 569 4148 nibil
591 4091 721 4148 certum
738 4081 826 4176 sagis
847 4079 1061 4178 clangoribus
1081 4085 1184 4153 aetbrr
