3080 5136
118 459 152 518 l*-
169 456 221 514 at.)
418 455 673 514 ncffluctuos
693 453 807 512 LIBER
829 456 867 511 11.
1117 453 1174 510 285

117 582 236 671 Quum
254 581 427 676 Scythicas
443 581 736 676 rapueredomos,
756 597 789 651 et
806 595 904 674 capta
919 583 1083 652 Getarum

117 704 265 791 Maenia,
286 689 468 797 suppositis
484 700 666 796 epulantur
680 706 867 772 Amazones
885 704 996 779 armis.

169 827 257 892 Tum
274 847 356 890 vero
372 823 522 892 intentus
533 820 648 892 vultus
664 846 703 891 ac
720 837 856 914 pectora
869 820 986 892 Ulixes

118 943 277 1014 Prrslibat
293 944 392 1012 visu:
413 942 470 1012 sed
488 968 572 1030 nox,
591 939 752 1035 illataque
769 940 893 1012 fallunt

118 1065 286 1153 Lumina,
301 1079 336 1133 et
352 1062 520 1158 externplo
537 1053 642 1133 latuit
655 1087 813 1132 mensura
830 1064 982 1156 jacentis.
1048 1049 1051 1056 ’

119 1189 166 1253 Et
183 1198 296 1256 tamen
314 1199 529 1276 erectumque
545 1207 668 1278 genas,
688 1180 860 1276 oculisque
876 1197 1070 1278 vagantem,

120 1303 297 1399 Nullaque.
308 1306 451 1400 virginei
469 1319 657 1374 servantem
675 1305 770 1400 signa
789 1303 944 1398 pudoris,

119 1425 264 1520 Deligit,
283 1426 467 1518 comitique
483 1423 623 1519 obliquo
642 1422 770 1494 lumine
788 1439 964 1494 monstrat.

120 1545 223 1634 Quod
239 1548 303 1616 nisi
320 1546 529 1641 praecipitem
542 1544 668 1615 blando
685 1542 858 1640 complexa
874 1561 1026 1617 moneret

120 1665 299 1736 Deidamia
320 1669 412 1754 sinu,
433 1666 625 1759 nudataque
641 1680 779 1759 pectora
795 1689 939 1759 semper,

120 1791 330 1882 Exertasque
346 1786 730 1879 manus,humerosque
748 1787 782 1855 in
802 1801 896 1854 veste
910 1801 1060 1873 teneret,

121 1913 164 1978 Et
181 1908 317 2002 prodire
335 1909 438 1995 toris,
459 1922 493 1975 et
513 1930 652 2001 poscere
671 1907 751 1975 vina
768 1919 897 1974 vetaret

121 2031 264 2124 Saepius,
283 2043 318 2098 et
337 2029 441 2097 fronti
458 2025 584 2098 crinale
602 2029 782 2121 reponeret
798 2052 941 2116 aurum3

121 2147 286 2244 Argolicis
304 2148 448 2218 ducibus
462 2150 532 2243 jam
549 2161 631 2217 tunc
651 2149 814 2242 patuisset
831 2146 988 2218 Achilles.

171 2275 218 2341 Ut
236 2269 364 2365 placata
382 2269 487 2341 fames
503 2267 612 2364 epnlis
627 2268 679 2337 his
698 2283 817 2364 terque
832 2271 990 2364 repostis,

121 2397 194 2462 Rex
212 2392 308 2486 prior
325 2388 521 2485 alloquitur,
538 2390 731 2484 paterisque
749 2389 907 2460 hortatur
925 2391 1073 2461 Achivos
1093 2419 1100 2459 :

121 2542 138 2576 α
156 2511 297 2580 Invideo
313 2512 450 2596 vestris,
467 2509 585 2599 fateor,
605 2510 724 2580 decora
743 2509 868 2604 inclyta
886 2511 995 2605 gentis
1067 2563 1070 2570 .

121 2629 304 2726 Argolicae,
326 2632 443 2726 creptis
461 2659 471 2698 ε
492 2613 623 2707 utinam
644 2631 727 2700 mihi
748 2611 869 2701 fortior
888 2646 987 2718 aetas,

120 2753 276 2845 Quaeque
289 2750 371 2839 suit,
390 2749 542 2846 Dolopas
559 2777 663 2846 quum
682 2753 795 2845 Scyria
815 2751 914 2822 litora
931 2752 1066 2824 adortos

120 2871 320 2960 Perdomni,
339 2872 491 2967 fregique
508 2870 601 2940 vadis
620 2897 630 2939 ε
652 2894 727 2963 quae
747 2872 842 2966 signa
862 2871 1047 2966 triumphi,

120 2992 260 3062 Vidistis
278 2989 382 3062 celsas
399 3017 575 3062 murorum
595 2992 629 3060 in
648 2991 760 3061 fronte
778 2993 918 3062 carinas.

121 3111 246 3182 Saltem
262 3115 290 3182 si
309 3110 458 3198 soboles,
475 3126 588 3206 aptam
605 3135 708 3204 quam
727 3113 860 3182 mittere
875 3111 966 3182 bello

120 3237 276 3322 Possem,
295 3232 393 3327 plena
411 3232 524 3302 forent
542 3230 625 3302 mihi
642 3232 771 3328 gaudia,
789 3258 797 3301 :
817 3258 963 3329 namque
980 3236 1144 3328 juvarem.

120 3356 223 3424 Nunc
240 3355 303 3448 ipsi
322 3356 474 3448 viresque
491 3357 599 3440 ineas,
615 3355 748 3423 'etsscara
766 3353 887 3424 videtis

120 3475 267 3570 Pignora
279 3501 287 3542 :
297 3473 435 3569 quando
446 3499 553 3544 novos
565 3473 659 3544 dabit
671 3475 742 3544 haec
754 3475 837 3544 mihi
849 3475 948 3544 turba
961 3479 1124 3572 nepotes?
1133 3509 1150 3544 2»

169 3598 329 3684 Dixerat,
348 3609 383 3664 et
397 3594 502 3664 solers
519 3609 655 3690 arrepto
672 3611 825 3689 tempore
841 3592 958 3666 Ulixes
978 3625 985 3665 :

119 3745 136 3778 «ι
153 3716 255 3785 Haud
277 3717 465 3809 spernenda
486 3716 608 3810 cupis:
628 3717 703 3809 quis
724 3717 814 3786 enirn
840 3742 908 3787 non
931 3718 1037 3800 uisere
1058 3733 1176 3816 gentes

119 3839 338 3925 Innumeras,
356 3837 536 3929 variosque
553 3835 674 3926 duces,
695 3851 798 3931 atque
813 3839 947 3935 agmina
967 3865 1084 3936 regum

117 3956 265 4027 Ardeati
284 3961 396 4027 Omne
417 3955 517 4026 simul
535 3956 706 4052 roburque
724 3959 892 4053 decusque
912 3961 1059 4054 potentis

117 4081 264 4171 Europa
283 4079 421 4148 meritos
443 4073 534 4145 ultro
547 4077 675 4170 juravit
695 4079 729 4146 in
748 4103 853 4148 enses.
