3156 5138
369 504 404 567 74
718 501 748 555 P.
770 497 893 556 rnatu
913 499 1036 557 S'l'ffll
1073 521 1077 532 ·
1291 497 1329 559 (¹-
1346 501 1428 557 rso.)

368 628 489 692 Fumat
506 647 604 694 arena
622 625 723 694 sacris
745 651 752 693 :
772 627 833 694 hos
851 650 913 695 nec
933 626 1056 694 Pisaeus
1073 625 1217 694 honores

367 744 538 837 luppiter,
559 758 616 812 aut
637 743 775 839 Cyrrhae
794 759 888 839 pater
903 759 1098 839 aspernetur
1113 767 1232 838 opace.

368 861 424 932 Nil
439 861 490 931 his
506 864 599 933 triste
617 861 699 932 locis
716 889 724 932 ε
745 863 842 934 cedat
861 862 1080 960 lacrymabilis
1097 861 1255 950 Isthmos,

367 981 472 1052 Cedat
487 997 582 1052 atrox
597 984 724 1054 Nemee
741 1008 750 1052 ε
770 983 844 1054 litat
859 985 916 1054 hic
934 983 1060 1054 felicior
1075 983 1193 1054 infans.

367 1103 450 1194 lpsae
467 1103 627 1196 pumiceis
642 1100 764 1173 virides
785 1101 942 1174 Nereidos
957 1105 1060 1174 antris

366 1220 531 1292 Exsiliunt
552 1221 657 1310 ultro,
674 1239 708 1293 et
725 1223 869 1319 scopulis
886 1225 1061 1294 urentibus
1077 1225 1224 1310 haerent3

368 1345 438 1414 Nec
453 1337 564 1437 pudet*
573 1343 702 1414 occulte
717 1343 824 1413 nudas
837 1359 988 1438 spectare
1003 1342 1180 1439 palaestras.

367 1465 501 1557 Spectat
518 1477 552 1532 ct
571 1463 678 1532 Icario
694 1487 889 1534 nemorosus
909 1463 1046 1558 palmite
1063 1469 1211 1551 Gaurus,

367 1582 521 1678 Silvaque
537 1609 610 1678 que
630 1583 730 1653 fixam
749 1582 866 1679 pelago
884 1584 1008 1655 Nesida
1026 1599 1180 1670 coronat;
1237 1597 1245 1624 '

367 1709 409 1774 Et
426 1703 575 1798 placidus
593 1705 730 1792 Limon,
747 1729 912 1799 omenque
926 1703 1065 1799 Euploea
1075 1705 1210 1792 carinis,

367 1827 412 1894 Et
429 1825 575 1895 Lucrina
592 1827 722 1912 Venus;
738 1824 949 1920 Phrygioque
968 1827 1122 1894 evertice
1133 1825 1251 1896 Graias

366 1943 545 2044 Adsciscis,
563 1944 706 2034 Misene,
724 1945 838 2032 tubas;
858 1944 1011 2040 ridetquc
1028 1946 1172 2039 benigna

368 2064 576 2159 Parthenope
596 2063 719 2159 gentile
733 2089 881 2151 sacrum,
896 2065 1071 2159 nudosque
1088 2067 1235 2134 virorum

368 2185 538 2274 Certatus,
557 2199 590 2254 et
609 2208 711 2280 parva
729 2207 796 2255 suae
814 2183 992 2255 simulacra
1008 2208 1151 2254 coronae.

414 2306 507 2395 Quin
525 2329 600 2400 age,
616 2319 649 2374 et
670 2306 741 2398 ipse
761 2302 868 2373 libens
883 2304 1011 2398 proprii
1032 2303 1222 2372 certaminis
1237 2318 1333 2372 actus

366 2426 493 2495 Invicta
510 2423 649 2519 dignare
662 2447 765 2495 manu
783 2449 791 2492 :
811 2448 869 2493 seu
889 2421 1003 2492 nubila
1024 2423 1115 2492 disco

366 2543 525 2632 Findere,
544 2568 603 2614 seu
620 2541 771 2612 volucres
792 2543 952 2637 zephyros
972 2558 1168 2638 praevertere
1187 2541 1269 2628 telo,

366 2665 431 2766 Seu
448 2663 510 2733 tibi
528 2659 625 2732 dulce
645 2685 746 2734 manu
767 2660 913 2756 liquidas}
924 2663 1049 2732 nodare
1067 2655 1263 2756 palaestras}

365 2779 506 2876 Indulge
520 2782 573 2850 his
583 2783 684 2852 sacris
701 2808 709 2851 ε
725 2796 758 2852 et
774 2782 802 2852 si
817 2782 878 2851 tibi
896 2807 995 2876 poma
1014 2796 1193 2876 supersunt
1222 2783 1224 2790 ’

366 2900 603 2995 Hesperidum,
619 2903 747 2997 gremio
763 2901 960 2972 venerabilis
981 2904 1095 2997 ingere
1113 2901 1237 2988 Pollae;

255 3013 260 3030 ⁸
364 3023 453 3093 Nam
469 3021 574 3115 capit,
591 3036 624 3092 et
641 3037 770 3092 tantum
793 3048 861 3092 non
879 3022 1024 3119 degener
1039 3023 1143 3092 ambit
1161 3025 1333 3093 honorem.

363 3141 466 3232 Quod
481 3143 509 3212 si
524 3140 621 3213 dulce
639 3142 738 3212 decus
757 3143 945 3238 viridesque
962 3159 1145 3216 resumeret
1165 3168 1271 3214 annos

365 3263 441 3354 (Da
459 3263 603 3348 veniam,
623 3259 767 3356 Alcide),
781 3261 848 3332 fors
866 3263 945 3332 huic
960 3275 993 3332 et
1009 3287 1112 3358 penso
1132 3257 1270 3333 tulisses.

412 3384 489 3450 Haec
510 3406 572 3476 ego
586 3397 756 3450 nascentes
773 3378 885 3451 laetum
903 3383 1085 3452 bacchatus
1100 3382 1142 3452 ad
1160 3407 1234 3453 aras

364 3501 559 3570 Libamenta
576 3499 649 3569 tuli.
668 3503 769 3572 Nunc
789 3503 898 3596 ipsum
916 3503 950 3571 in
970 3502 1084 3574 limine
1104 3526 1204 3572 cerno

364 3619 552 3690 Solventem
571 3644 685 3708 voces,
702 3635 736 3691 et
752 3619 831 3692 talin
851 3622 941 3692 dicta
953 3621 1145 3692 ferentem:

412 3741 546 3810 «Macte
562 3743 681 3811 animis
691 3743 890 3836 opibusque,
906 3767 997 3812 meos
1011 3744 1139 3812 imitate
1158 3741 1308 3828 labores,

365 3861 432 3950 Qui
450 3857 574 3954 rigidas
591 3885 708 3954 rupes,
727 3859 978 3956 infecundaeque
996 3861 1151 3956 pudenda

365 3982 503 4052 Naturae
520 3978 648 4050 deserta
665 3979 796 4068 domas,
813 3994 847 4050 et
865 3983 966 4051 vertis
983 3982 1018 4049 in
1038 4006 1134 4050 usum

256 4161 259 4170 ,
366 4103 485 4170 Lustra
500 4100 648 4170 habitata
663 4101 756 4187 seris,
773 4101 923 4196 foedeque
936 4101 1073 4172 latentia
1087 4103 1216 4197 profers
