3094 5140
366 471 423 532 aaa
682 459 896 516 rueramos
916 457 1025 514 unna
1045 457 1100 514 xr.
1305 463 1337 514 n.
1354 459 1420 523 sas.)

367 590 476 685 Erigit
493 584 622 658 occulte
638 585 783 674 serrum,
803 587 945 680 vitaeque
965 583 1107 654 labantis

365 708 783 805 Belliquiastenuesnodio
802 705 989 804 supplevit,
1006 721 1040 777 ct
1058 731 1170 777 ensem

291 889 295 900 ,
366 836 440 901 Jarn
456 830 550 901 laetus
568 829 680 918 fratris
691 853 766 898 non
781 828 885 898 frater
900 829 1001 898 corde
1021 827 1165 923 reliquit.

365 950 426 1023 Ille
443 966 572 1039 autem,
591 979 609 1016 α
621 949 791 1042 Vivisnei
802 964 837 1019 et
855 949 965 1019 adhuc
981 965 1095 1032 manet
1112 951 1163 1018 ira
1180 963 1361 1044 superstes,

313 1063 319 1072 ⁸
364 1071 510 1156 Perside,
528 1095 589 1140 nec
609 1068 704 1140 sedes
722 1095 872 1165 unquam
886 1072 1048 1140 meriture
1068 1069 1221 1164 quietas?

366 1195 383 1261 I
401 1215 533 1261 mecum
554 1191 731 1262 admones
751 1217 759 1259 :
780 1189 848 1260 illic
865 1215 998 1286 quoque
1017 1207 1114 1288 pacta
1133 1217 1324 1287 reposcam,

365 1314 400 1382 Si
414 1312 520 1382 modo
536 1313 703 1407 Agenorei
720 1325 787 1396 stat
804 1314 950 1382 Gnossia
967 1311 1089 1406 judicis
1105 1337 1210 1396 urna,

366 1433 445 1522 Qua
467 1457 561 1528 reges
579 1432 700 1526 punire
720 1430 829 1523 datur.
846 1462 863 1497 n
882 1433 953 1503 Nec
972 1431 1071 1526 plura
1086 1430 1236 1518 locutus,

367 1552 541 1640 Concidit,
563 1566 596 1621 et
615 1552 851 1622 totisfmttem
871 1556 981 1648 gravis
998 1554 1113 1624 obruit
1129 1555 1239 1623 armis.

415 1676 466 1743 Itc
482 1687 594 1744 truces
612 1679 752 1772 animae,
770 1672 966 1768 funestaque
977 1677 1125 1744 ¹Tartara
1145 1672 1210 1744 leto

339 1817 342 1824 “
367 1792 528 1880 Polluite,
548 1809 581 1864 et
598 1809 734 1866 cunctas
753 1795 853 1866 Erebi
871 1797 1057 1866 consumite
1072 1821 1195 1891 poenas.
1244 1839 1247 1846 .

369 1917 506 2010 Vosque
524 1915 619 1984 maiis
639 1917 835 2002 hominum,
856 1917 991 2013 Stygiae,
1007 1916 1077 2010 jam
1096 1919 1236 2011 parcite,
1252 1919 1360 1988 Divae.

334 2041 337 2048 ’
369 2036 537 2105 Omnibus
556 2037 593 2112 in
612 2038 709 2106 terris
728 2035 835 2107 scelus
856 2038 939 2125 hoc,
958 2041 1117 2133 omnique
1134 2040 1195 2109 sub
1213 2063 1284 2109 arvo

315 2222 317 2230 .
366 2155 500 2226 Viderit
514 2181 582 2226 una
598 2155 692 2246 dies,.
704 2149 961 2252 monstrumque
978 2159 1101 2228 infame
1116 2159 1236 2230 futuris

367 2277 528 2366 Excidat,
545 2293 578 2347 et
596 2276 659 2348 soli
675 2294 864 2349 memorent
880 2279 950 2348 haec
969 2278 1086 2374 proelia
1104 2305 1209 2378 reges.
1272 2285 1275 2290 ’

416 2404 461 2470 At
476 2400 620 2496 genitor,
638 2398 771 2470 sceleris
789 2416 961 2494 comperto
979 2401 1060 2490 fine,
1078 2404 1252 2497 profundis

366 2523 501 2617 Erepsit
519 2522 685 2608 tenebris,
700 2527 891 2616 'sevoquee
908 2523 1026 2593 limine
1038 2523 1168 2618 profert

367 2645 511 2712 Mortem
533 2642 762 2738 imperfectam
780 2668 789 2710 ε
807 2644 912 2713 veteri
931 2658 998 2713 stat
1012 2643 1147 2715 sordida
1167 2645 1244 2715 tabo

367 2765 520 2858 Utraque
534 2764 688 2862 canities,
702 2777 736 2831 ct
755 2762 865 2858 durus·
881 2765 1042 2858 sanguine
1062 2767 1163 2836 crinis

368 2859 522 2954 Obnubit
539 2882 658 2986 firriale
678 2899 781 2979 caput
801 2910 809 2952 ε
829 2883 1042 2979 ριόοιιΙοη,
1063 2909 1221 2982 genaeque

296 3072 299 3082 ,
367 3008 482 3092 Intus,
500 3020 534 3075 ct
552 3005 679 3076 effossas
695 3004 851 3100 squalent
869 3005 1123 3103 vestigialucis.
1232 3059 1237 3070 ,

367 3130 475 3223 Virgo
494 3143 608 3198 autern
627 3129 792 3222 impositae
809 3105 974 3198 sustentat
988 3130 1140 3224 pondera
1147 3129 1263 3219 ¹laevo,

366 3254 497 3321 ¹Dextra
514 3250 608 3323 sedet
622 3249 744 3320 haculo
765 3277 773 3318 :
791 3249 904 3346 qualis.
919 3252 947 3322 si
966 3276 1079 3347 puppe
1096 3249 1213 3321 relicta

367 3375 495 3442 Exosus
513 3372 600 3468 pigri
622 3397 736 3442 manes
756 3369 903 3443 sulcator
919 3374 1054 3456 Auerni¹
1121 3428 1124 3437 .
1260 3355 1268 3364 ’

367 3498 471 3564 Exeat
487 3491 534 3592 ad
550 3495 715 3592 Superos,¹
731 3492 902 3596 solemque
922 3511 956 3566 et
974 3493 1098 3590 pellida
1116 3495 1228 3588 turbet

367 3617 486 3701 Astra,
505 3637 567 3682 nec
587 3615 662 3708 ipse,
675 3613 733 3684 diu
755 3615 867 3704 fortis,
889 3593 1086 3711 patiensque
1106 3616 1242 3714 superni

368 3736 462 3804 Acris
484 3761 492 3804 :
515 3736 643 3805 interea
662 3735 800 3831 longum
821 3740 1155 3834 cessantemagistro·
1237 3795 1241 3802 .

274 3949 277 3954 ἱ
368 3859 504 3924 Crescat
521 3881 625 3950 opus,
647 3858 794 3952 totisque
814 3872 1014 3953 exspectent.
1027 3857 1146 3929 s'aecula
1166 3861 1259 3954 ripis.
1280 3861 1294 3912 ἵ
1347 3926 1349 3930 Α

415 3973 506 4045 Talis
525 3977 589 4048 init
607 3957 790 4072 campum‚·
802 3981 983 4074 comitique
1004 3981 1338 4076 extremagernenti,

368 4089 458 4186 Duo,
476 4097 539 4186 ait,
555 4095 601 4166 ad
621 4113 733 4186 natos,
753 4087 951 4195 patremque
970 4083 1176 4188 recentibus,
1198 4122 1278 4188 oro,
