3172 5142
375 461 682 490 mm

635 733 858 876 mena
895 735 1164 843 Nouus,

820 1063 983 1080 ⁴¹-—

376 1239 563 1371 Asseris
579 1302 706 1372 Aonios
724 1301 836 1372 rabies
855 1301 969 1372 audita
988 1304 1120 1372 cruenti

373 1421 504 1517 Tydeos
523 1422 612 1518 :ipsi
631 1423 733 1492 ctiam
754 1423 865 1492 minus
882 1423 1075 1518 ingemuere
1086 1423 1258 1517 jaoentem

373 1543 558 1633 Iuachidae,
579 1542 785 1638 culpantque
802 1544 928 1629 virum,
947 1558 981 1613 et
1000 1543 1131 1638 rupisse
1146 1560 1339 1638 quemnuu·

373 1664 519 1764 Fasodii
530 1673 543 1732 ἐ
562 1665 646 1758 quin
664 1677 713 1753 te,
731 1665 858 1734 Divum
875 1662 1160 1760 implacidissime‚
1177 1691 1370 1761 quanquam

373 1786 585 1878 Praecipuum
604 1798 685 1854 tunc
702 1783 923 1883 caedisspm,
945 1783 1113 1874 Gradive,
1129 1784 1282 1874 furebas,

373 1901 552 1976 Offensum
572 1907 697 1976 virtute
714 1904 854 1976 ferunt:
874 1929 937 1976 nec
953 1907 1107 1976 cominus
1124 1907 1236 2004 ipsum

372 2028 463 2114 Ora,
485 2025 543 2097 sed
559 2041 593 2098 et
611 2025 760 2122 trepidos
776 2039 868 2096 retro
886 2027 1019 2096 torsisse
1034 2027 1177 2124 jugales.

424 2147 515 2244 Ergo
534 2147 751 2246 profanatum
768 2145 956 2246 Menalippi
975 2125 1077 2220 funus
1095 2152 1215 2222 acerbo

375 2267 524 2338 Vulnere
540 2293 610 2339 non
631 2267 705 2338 aliis
724 2267 835 2340 ultum
854 2269 1014 2341 Cadmeia
1034 2271 1141 2366 pubes

375 2395 560 2486 Insurgunt
576 2387 743 2481 stimulis,
761 2415 863 2486 quarn
884 2393 913 2460 si
931 2391 1066 2462 turbata
1081 2390 1243 2488 sepulcris

374 2515 462 2584 Ossa
480 2527 638 2608 patrum,
658 2514 886 2607 monstrisque
906 2512 992 2582 datu
1011 2512 1202 2582 crudelibus
1222 2537 1326 2584 urnae.

373 2635 536 2706 Accendit
555 2659 615 2705 rex
630 2636 701 2730 ipse
717 2659 819 2730 super
834 2661 842 2703 :
858 2636 1117 2728 «Quisquamne
1133 2633 1282 2732 Pelasgis
1299 2669 1305 2682 ·

373 2756 468 2825 Mitis
488 2755 617 2842 adbuc,
635 2746 873 2850 hominemque
891 2755 997 2850 gerit?
1011 2756 1084 2850 jam
1099 2757 1269 2826 morsibus
1282 2758 1382 2826 uncis

298 2913 301 2922 ·
373 2875 459 2972 (Pro
479 2873 592 2947 furor!
615 2876 824 2972 usqueadeo
841 2874 909 2946 tela
926 2875 1207 2972 exsatiavimusl)
1227 2891 1322 2946 artus

319 3043 321 3050 ,
372 2997 568 3069 Dilacerant
582 3019 597 3067 ε·
611 3021 725 3068 nonne
743 2998 910 3092 Hymanis
928 2995 1054 3066 bellare
1071 2997 1198 3093 putatis

372 3120 550 3217 Tigribus?
569 3132 629 3189 aut
647 3143 752 3190 saevos
770 3119 884 3213 Libyae
901 3119 1080 3188 contraire
1100 3117 1237 3188 leones?

373 3244 417 3312 Et
433 3265 523 3310 nunc
540 3237 596 3310 ille
609 3239 699 3333 jacet
718 3237 882 3336 (pulchra
896 3263 918 3309 o
934 3236 1051 3309 solatia
1067 3237 1122 3309 leti
1135 3236 1168 3335 l)

372 3367 442 3434 Ore
459 3375 575 3432 tenens
593 3359 715 3430 hostile
733 3375 854 3456 caput,
875 3359 1032 3454 dulcique
1051 3361 1215 3430 nefandus

372 3484 571 3552 Immoritur
590 3481 671 3551 tabo
688 3507 696 3550 ε
713 3506 775 3552 nos
794 3481 919 3552 ferrum
939 3477 1040 3568 inite,
1059 3481 1236 3576 facesque:

320 3673 324 3682 ,
372 3601 443 3673 Illis
463 3603 556 3672 nuda
576 3601 670 3690 odia,
690 3618 725 3673 et
743 3601 857 3674 feritas
873 3603 944 3697 jam
964 3626 1034 3672 non
1051 3618 1127 3699 eget
1146 3604 1258 3672 armis.

373 3726 428 3794 Sic
447 3738 611 3819 peragant
627 3721 755 3812 rabidi,
772 3721 929 3817 claraque
945 3723 1009 3792 bac
1027 3721 1102 3792 luce
1121 3722 1289 3812 fruantur,

318 3831 320 3836 Α
373 3847 465 3914 Dum
479 3843 594 3913 videas
609 3843 692 3926 brec,
706 3868 836 3912 summe
850 3858 946 3938 pater
957 3869 965 3912 :
976 3842 1131 3913 sedenim
1143 3844 1272 3914 hiscere
1290 3869 1425 3941 campos

372 3968 578 4059 Conquesti.
597 3979 761 4058 terreque
781 3965 895 4060 fugam
914 3967 1139 4036 miserantur:
1156 3989 1198 4034 an
1220 3965 1302 4035 istos

372 4087 437 4162 Vel
450 4113 510 4158 sua
528 4099 639 4186 portet
654 4085 828 4158 hamuel»
848 4089 977 4182 Magno
997 4087 1045 4156 sic
1063 4085 1151 4156 fatus
1171 4086 1295 4183 agebat
