3094 5140
376 481 434 538 23¹8
461 556 467 570 ο
684 481 898 542 ΤΗΕΒᾸῙΒΟΒ
918 483 1027 544 Lim
1050 487 1117 544 ΧΠ.
1315 491 1435 557 (Μή.)

374 609 465 680 Olim
481 609 537 679 hic
556 611 829 705 virginoicustos
848 614 1063 707 monitorque
1081 613 1237 708 pudoris,

373 731 494 829 Eligit;
514 747 548 800 et
564 754 758 826 quanquam
779 730 890 817 rudis,
908 748 1012 828 atqm
1028 736 1145 828 ignaru
1163 734 1337 824 locorum,

373 855 563 948 Praecipites
583 876 736 950 gressus,
753 875 820 950 qua
839 870 977 926 venerat
996 853 1153 945 Ornitus,
1171 857 1280 927 affert

371 982 483 1072 Atque
503 979 562 1048 ubi
579 978 648 1048 visa
667 975 786 1072 procul
805 980 910 1048 socias
930 977 1066 1072 liquisse
1083 979 1247 1048 malonem
1266 1007 1275 1047 :

419 1129 437 1166 u
449 1105 566 1191 Anne,
579 1103 651 1189 nit,
668 1097 806 1175 hostiles
823 1123 888 1196 ego
906 1114 938 1170 te
957 1099 1091 1170 lahsnte
1111 1123 1172 1195 per
1188 1125 1315 1196 agros,

370 1229 445 1295 lieu
465 1219 574 1295 dolor!
594 1238 800 1318 exspectem,
817 1238 973 1317 qucum
992 1225 1156 1293 sententis
1178 1223 1259 1292 lenti

367 1346 535 1417 Theseos?
551 1371 595 1416 an
613 1343 701 1415 bello
719 1364 894 1441 proceres,
913 1367 956 1414 au
973 1345 1090 1414 dexter
1108 1368 1248 1441 aruspex

367 1467 526 1539 Annuat?
544 1468 671 1537 interea
690 1465 793 1536 faunus
809 1465 973 1535 decrescit
994 1481 1001 1534 t
1020 1477 1055 1534 et
1068 1468 1164 1536 uncis

366 1591 512 1663 Alitibus
531 1605 600 1658 non
621 1589 682 1659 hos
700 1586 813 1682 potius
827 1588 1049 1684 supponimus
1066 1588 1181 1658 antis?

367 1715 411 1782 Et
429 1735 518 1781 nunc
536 1733 589 1779 me
605 1708 741 1796 duram,
759 1710 880 1802 siquis
899 1709 960 1778 tibi
979 1719 1115 1796 mostis,
1133 1708 1175 1778 ad
1198 1711 1341 1780 umbras

367 1837 425 1904 Me
445 1831 575 1902 tardam
594 1832 742 1926 quereris
759 1830 898 1926 Stygiis,
919 1829 1095 1919 fidissime,
1113 1833 1219 1901 Divis.
1244 1837 1246 1844 ’

367 1959 441 2024 Heu
456 1955 483 2024 si
503 1953 613 2024 nudus
631 1951 761 2040 adhuc,
782 1953 849 2021 heu
869 1953 897 2022 si
912 1952 982 2046 jam
1001 1951 1089 2022 forte
1108 1952 1279 2047 sepultus,

366 2077 527 2146 Nostrum
546 2091 726 2170 utrumque
745 2074 863 2144 nefas:
885 2073 969 2143 adeo
989 2075 1039 2142 vis
1060 2071 1154 2142 nulla
1174 2073 1324 2162 dolenti,

365 2203 459 2270 Mors
477 2220 659 2292 nusquam,
677 2217 852 2291 saevusque
864 2200 977 2268 Creon
992 2219 1000 2263 t
1018 2196 1164 2265 hortaris
1190 2211 1351 2288 euntem,

365 2323 528 2392 ornile.»
547 2323 603 2392 Sic
621 2320 734 2390 dicens
747 2340 873 2414 magno
891 2320 1059 2414 Megareia
1078 2341 1225 2414 praeceps

364 2447 454 2512 Arva
473 2443 562 2538 rapit
580 2459 680 2537 passu
698 2467 707 2510 t
727 2440 936 2510 demonstrat
952 2441 1105 2535 proxima
1124 2442 1276 2536 quisquis

364 2565 511 2654 Obvius,
529 2565 760 2658 horrescitque
780 2563 935 2650 habitus,
954 2563 1177 2657 miseramque
1194 2577 1348 2644 veretur.

333 2695 337 2706 '
364 2683 468 2755 Vadit
487 2699 582 2755 atrox
600 2685 691 2774 visu,
713 2709 775 2754 nec
791 2683 907 2772 corde,
926 2709 989 2752 nec
1005 2708 1087 2753 aure
1105 2706 1308 2778 pavescens,

362 2809 407 2876 Et
428 2805 539 2876 nimiis
556 2786 682 2876 conlisa
700 2803 811 2893 malis,
826 2792 1040 2900 propiorquex
1052 2805 1173 2874 timeri.

363 2929 469 2996 Nocte
487 2923 578 2996 velut
596 2927 742 3021 Phrygia
761 2949 867 3021 quum
888 2924 1068 2996 lamentata
1087 2925 1249 2996 resultant

362 3047 549 3142 Dindyma,
563 3046 708 3142 pinigeri
726 3047 857 3142 rapitur
874 3043 1054 3118 Simoentis
1073 3046 1115 3116 ad
1134 3071 1265 3120 amnem

362 3171 442 3238 Dux
461 3191 583 3237 vesana
604 3167 717 3255 chori,
732 3163 828 3262 cujus
847 3171 919 3238 Dea
938 3167 1100 3265 sanguine
1119 3167 1204 3238 lecto

361 3291 436 3386 ipsa
454 3288 546 3360 dedit
564 3290 706 3379 serrum,
723 3301 757 3359 et
773 3290 891 3359 vittata
909 3289 1018 3360 hnic
1038 3291 1176 3360 notavit

408 3415 482 3482 lam
499 3426 594 3508 pater
617 3411 777 3505 Hesperio
794 3409 990 3506 flagrantem
1010 3411 1141 3507 gurgite
1159 3437 1299 3482 currum

359 3532 542 3604 Abdiderat
558 3533 674 3622 Titan,
691 3530 765 3602 aliis
784 3531 952 3602 rediturus
972 3533 1014 3603 ab
1034 3532 1145 3623 undis,

359 3656 474 3743 Quum
492 3671 603 3722 tamen
621 3651 678 3722 illa
696 3675 831 3749 gravem
850 3652 944 3723 luctu
960 3649 1095 3724 fallente
1113 3655 1260 3726 laborem

358 3775 473 3845 Nescit
492 3775 598 3844 abisse
618 3773 705 3843 diem
726 3799 734 3844 ε
757 3797 818 3844 nec
833 3772 1052 3871 caligantibus
1071 3777 1160 3846 arvis

358 3898 527 3984 Terretur,
546 3919 609 3964 nec
628 3893 754 3991 frangit
772 3898 846 3980 iter,
867 3909 977 3991 peret
995 3896 1086 3966 invia
1105 3921 1203 3983 saxa,

360 4019 594 4110 Lapsurasque
614 4015 747 4103 trabes,
766 4039 1007 4112 nemorumque
1022 4041 1145 4087 arcana
1166 4043 1282 4088 sereno

342 4139 464 4234 ¹Nigra
479 4135 550 4226 die,
569 4138 727 4232 caecisque
748 4139 852 4208 incisa
874 4138 1007 4208 novalia
1024 4139 1137 4227 fossis,
