3192 5148
145 534 244 586 (raet,
318 542 321 556 =
487 523 680 580 snvaauu
700 524 810 582 uene
830 525 852 579 1.
1157 543 1193 595 η

143 646 330 718 Sollicitare
346 651 442 744 juvat
462 674 470 716 :
492 646 609 742 procul
629 647 723 736 hinc,
744 661 777 717 et
798 647 890 716 sonte
910 645 1025 717 doloso
1144 645 1147 652 ’

143 767 321 858 Salmacis,
339 784 373 840 et
393 770 500 840 viduae
519 768 726 842 Cebrenidos
747 768 840 837 arida
860 766 953 838 luctu
1038 827 1042 842 ,
1177 834 1180 844 ,

143 887 316 978 Flumina,
336 905 370 960 et
389 888 544 962 Herculei
564 889 742 984 praedatrix
762 888 858 960 cedat
876 887 1013 957 alumni.

187 1013 259 1080 Vos
280 1012 361 1082 milri
383 1037 456 1106 quas
475 1013 625 1097 Latium
645 1026 847 1107 septenaque
863 1007 1010 1080 culmina
1028 1007 1195 1103 Nymphae

143 1130 310 1220 Incolitis,
329 1132 535 1226 Tybrimque
553 1134 649 1201 novis
667 1128 818 1200 attollitis
837 1130 952 1217 undis,
1066 1149 1067 1154 ’

143 1249 239 1338 Quas
259 1275 404 1345 praeceps
422 1253 547 1338 Anien,
568 1264 667 1346 atque
686 1249 865 1346 exceptura
884 1263 1017 1319 natatus
1080 1263 1082 1268 '

143 1371 250 1466 Virgo
265 1372 379 1465 juvat,
398 1374 591 1466 Marsaeque
610 1373 702 1440 nives
721 1386 754 1440 et
773 1370 897 1465 frigora
919 1368 1043 1438 ducens

141 1489 287 1576 Ματθία,
306 1488 468 1584 praecelsis
488 1510 631 1584 quarum
650 1515 734 1585 vaga
752 1487 897 1558 molibus
917 1486 1009 1557 unda

142 1609 294 1697 Crescit,
313 1623 347 1676 et
365 1611 542 1678 innumero
562 1608 710 1703 pendens
730 1608 966 1678 transmittitur
985 1629 1079 1691 meu,
1114 1681 1116 1688 Α

143 1729 304 1797 Vestrum
315 1751 400 1822 opus
411 1726 820 1822 aggredimur3vestracst
832 1749 932 1820 quam
943 1726 1089 1795 carmine
1100 1723 1194 1793 molli

143 1847 261 1916 Pando
279 1845 408 1918 domus.
428 1848 507 1916 Non
527 1869 676 1941 unquam
696 1846 768 1916 aliis
786 1846 957 1915 habitastis
978 1847 1012 1914 in
1033 1848 1137 1915 antris

143 1967 256 2035 Ditins
274 1993 282 2033 :
303 1967 374 2060 ipsa
393 1990 512 2036 manus
532 1967 640 2035 tenuit
657 1967 824 2065 Cytherea
841 1967 967 2053 mariti,

143 2086 413 2179 Monstravitque
430 2099 517 2154 artes
537 2110 546 2153 ε
568 2109 635 2154 neu
652 2084 727 2156 vilis
747 2085 882 2155 flamma
901 2088 1062 2155 caminos

143 2207 281 2292 Ureret,
302 2206 374 2298 ipsa
392 2205 479 2274 faces
498 2203 674 2274 volucrum
694 2205 864 2275 succendit
884 2209 1056 2276 Amorum.

142 2323 222 2394 Non
244 2325 311 2394 huc
328 2326 477 2395 admissae
495 2325 637 2412 Thasos,
658 2339 716 2394 aut
735 2315 864 2394 undosa
883 2326 1059 2419 Carystos3

143 2445 266 2516 Moeret
284 2469 373 2538 onyx
391 2443 507 2540 longe,
525 2445 745 2539 queriturque
763 2441 915 2514 exclusus
932 2445 1064 2539 ophites
1082 2471 1094 2514 .·

143 2562 223 2633 Sola
241 2565 327 2633 nitet
346 2563 440 2633 ssavis
458 2564 650 2634 Nomadum
670 2564 778 2634 decisa
794 2563 938 2633 metallis

144 2686 314 2778 Purpura,
333 2682 403 2752 sola
421 2709 504 2754 cavo
523 2684 675 2779 Phrygiae
695 2708 796 2778 quam
816 2683 990 2777 Synnados
1008 2697 1105 2752 antro

144 2806 220 2897 Ipse
238 2805 427 2872 cruentavit
446 2802 584 2892 maculis
604 2801 784 2872 liventibus
803 2806 898 2895 Attys
918 2828 925 2870 :
973 2821 976 2826 '

143 2923 304 3015 Quasque
321 2924 429 3016 Tyrus
447 2923 560 2991 niveas
579 2936 682 3010 secat,
701 2936 735 2990 et
754 2920 890 2991 Sidonia
911 2947 1020 3016 rupes.

143 3040 212 3109 Vix
229 3039 323 3110 locus
342 3045 491 3128 Eurotae,
509 3040 625 3109 viridis
643 3065 748 3135 quum
768 3039 883 3134 regula
902 3038 1005 3136 longo

144 3159 303 3253 Synnada
322 3160 481 3230 distinctu
502 3161 618 3228 variat.
640 3161 718 3230 Non
738 3158 855 3228 limina
876 3174 1020 3248 cessant,

144 3276 317 3374 Effulgent
337 3303 490 3366 camerae,
509 3279 603 3348 varic
623 3277 754 3373 fastigia
772 3279 861 3346 vitro

144 3402 185 3469 In
202 3401 329 3494 species
347 3400 543 3492 animosque
561 3399 680 3466 nitent.
701 3399 820 3493 Stupet
838 3399 909 3492 ipse
926 3399 1038 3468 beatas

144 3517 402 3613 circumplexus
419 3542 517 3612 opes,
537 3530 571 3586 et
590 3518 724 3611 parcius
744 3518 886 3611 imperat
906 3519 1001 3613 ignis.

144 3637 274 3708 Multus
294 3638 418 3732 ubique
436 3637 521 3724 dies,
542 3636 644 3705 radiis
663 3635 721 3705 ubi
740 3634 887 3704 culmina
907 3639 984 3706 totis

143 3758 312 3846 Perforat,
331 3773 432 3851 atque
450 3756 516 3826 alio
536 3755 584 3826 sol
605 3756 778 3850 improbus
798 3758 908 3825 uritur
926 3771 1017 3825 aestu.

144 3875 202 3946 Nil
224 3877 270 3944 ibi
290 3875 457 3971 plebeium
479 3902 486 3944 ε
508 3900 673 3970 nusquam
694 3879 860 3945 Temesaea
881 3877 1011 3944 notabis

144 3998 240 4082 AEra;
259 3995 317 4064 sed
337 4010 477 4091 argento
495 3996 573 4065 felix
594 3993 793 4090 propellitur
813 3995 920 4083 unda,

145 4119 361 4211 Argentoque
380 4115 489 4203 cadit,
508 4114 675 4209 labrisque
696 4115 878 4184 nitentibus
900 4117 1001 4184 instat
