3172 5142
434 426 488 484 138
728 432 945 492 antemos
964 435 1078 492 mana
1100 437 1181 494 vm.
1369 440 1501 505 (··⁶⁵⁵-t

430 555 528 620 Fessa
545 555 618 647 pios
639 558 797 651 gemitus,
814 533 1043 654 lamgnmsque
1063 563 1098 630 in
1120 560 1247 632 launna
1265 561 1365 634 liadit.

477 677 636 770 Dumque
654 701 695 746 ea
715 703 774 772 per
792 679 941 768 Thebas,
959 679 1032 750 aliis
1049 682 1263 775 serpentibus
1280 685 1410 756 ardens

426 797 470 864 Et
486 793 559 866 sace
576 811 704 868 mutata
722 795 848 869 bellum
870 801 1059 896 integrabat
1073 805 1181 896 Enyo.

429 917 684 1006 mavolunt,
706 919 832 1014 primos
849 918 952 990 veluti
974 921 1077 992 modo
1097 925 1248 992 cominus
1266 926 1355 995 ictus

424 1036 644 1127 sustulerint,
665 1041 843 1134 omnisque
856 1042 1042 1112 etiamnum
1062 1039 1173 1112 luceat
1192 1046 1291 1112 ensis.

470 1160 602 1229 Eminet
621 1160 788 1248 OEnides3
806 1163 959 1255 quamvis
976 1177 1009 1231 et
1027 1163 1193 1234 arundine
1213 1181 1305 1234 certa

421 1278 681 1375 Parthenopaeus
698 1296 794 1374 egat,
809 1283 1079 1376 morientumque
1095 1309 1155 1352 ora
1174 1282 1300 1354 furenti

421 1399 655 1494 Hippomedon
671 1400 845 1496 proculcet
861 1427 968 1497 equo,
981 1405 1207 1500 Capaneaque
1225 1407 1325 1500 pinus

417 1525 490 1589 Jam
509 1520 626 1615 procul
644 1523 761 1594 Aoniis
784 1521 874 1593 volet
888 1524 1102 1619 agnoscenda
1122 1529 1275 1598 catervis.

465 1642 597 1737 Tydeos
611 1643 668 1713 illa
686 1645 778 1714 dier:
797 1643 893 1715 illum
911 1645 1128 1741 fugiuntque,
1149 1663 1368 1746 tremuntque

416 1763 626 1837 Clementem
644 1791 652 1836 ε
669 1769 774 1857 «Quo
789 1783 884 1864 terge
904 1767 1010 1838 detis?
1029 1768 1108 1840 licet
1124 1794 1201 1840 ecce
1217 1789 1387 1864 peremtus

414 1885 539 1958 Ulcisci
560 1889 682 1975 socios,
702 1903 921 1984 rnoestamque
939 1889 1124 1984 rependere
1143 1907 1287 1960 noctem.
1385 1925 1389 1930 ·

413 2006 473 2078 Ille
489 2033 553 2105 ego
570 2007 746 2105 inexpletis
762 2007 854 2080 solus
871 2013 929 2103 qui
948 2011 1094 2080 cedibus
1112 2011 1208 2080 lrausi

412 2131 668 2226 Quinquaginta
686 2132 836 2200 animes:
855 2129 1010 2218 totidem,
1029 2130 1235 2224 totidemque
1252 2138 1386 2230 gregati

411 2255 509 2320 Ferte
524 2274 644 2319 manus
660 2249 813 2320 :nulline
831 2266 964 2345 patres,
980 2249 1111 2320 nulline
1126 2253 1300 2345 jacentum

409 2371 571 2443 Unanimi
589 2369 731 2440 lintres?
747 2395 822 2464 qma
844 2383 939 2440 tante
961 2369 1086 2458 oblivia
1102 2369 1234 2442 luctus?

406 2495 518 2581 Quam
536 2489 641 2588 pudet
660 2491 815 2562 Inachias
832 2505 1027 2562 contentum
1044 2492 1164 2562 abiisse
1183 2495 1363 2588 Mycenas!

406 2615 493 2682 Hine
511 2639 613 2709 super
630 2612 777 2683 Thebis?
795 2615 866 2684 brec
884 2613 1009 2684 robora
1028 2613 1139 2709 regis?
1155 2614 1213 2683 ubi
1233 2632 1348 2688 autem

403 2735 570 2831 Egregius
587 2735 655 2804 dux
674 2732 731 2802 ille
746 2734 878 2804 mihil»
896 2734 995 2804 umal
1016 2734 1136 2804 ordine
1150 2734 1232 2806 lero

402 2859 518 2952 Ipsum
534 2855 767 2926 exhortantem
784 2880 927 2940 cuneos,
946 2857 1131 2950 capitisque
1150 2860 1286 2953 superbi

401 2979 570 3072 Insignem
590 2974 721 3071 fulgore
738 2975 850 3046 videt:
869 3001 931 3046 nec
948 2979 1083 3072 segnius
1099 2977 1220 3050 ardens

401 3099 573 3187 Accurrit,
593 3099 691 3168 niveo
711 3123 815 3192 quern
834 3097 1022 3195 flammiger
1040 3098 1108 3169 ales
1129 3099 1215 3170 olori

399 3221 574 3306 imminet,
591 3233 625 3291 et
641 3243 765 3316 magna
780 3221 949 3317 trepidum
973 3219 1185 3318 circumligat
1200 3222 1332 3294 umbra.

446 3345 545 3411 Tunc
563 3343 681 3437 prior:
700 3344 843 3414 «Aoniae
863 3367 922 3412 rex
938 3366 959 3410 o
975 3343 1159 3435 justissime
1180 3348 1307 3441 gentis,

397 3466 489 3532 lmus
508 3465 543 3532 in
563 3488 657 3534 erma
676 3462 807 3560 pelam,
827 3463 1029 3560 undamque
1046 3464 1254 3536 ostendimus
1272 3469 1392 3539 enses?

397 3591 447 3658 bn
468 3599 600 3653 noctem
616 3599 649 3654 et
668 3585 783 3655 solitas
801 3583 911 3679 plecet
928 3601 1119 3680 exspectare
1137 3587 1341 3657 tenebras?s

443 3703 504 3778 lllc
525 3705 609 3775 nihil
627 3720 766 3796 contra3
785 3706 843 3775 sed
863 3697 1004 3776 stridula
1023 3732 1147 3776 cornus
1166 3711 1200 3776 in
1220 3710 1351 3780 bostem

394 3831 426 3899 It
441 3829 587 3900 reserens
604 3827 766 3899 mandata
782 3828 895 3915 ducis,
911 3853 1012 3922 mam
1031 3829 1192 3923 providus
1207 3829 1305 3902 beros

391 3950 534 4044 Jamjam
551 3950 586 4020 in
605 3949 672 4020 line
691 3949 755 4019 viae
776 3973 968 4046 percussam
987 3947 1158 4044 obliquat,
1176 3967 1211 4021 et
1229 3957 1301 4048 ipse

391 4065 510 4142 Telum
524 4071 641 4168 ingens
659 4069 775 4161 avide,
797 4085 831 4143 et
848 4086 975 4168 quanto
993 4097 1061 4143 nnn
1080 4088 1157 4142 ante
1176 4073 1301 4148 lacerto
