3156 5138
473 565 667 622 stuvqutt
688 567 799 622 uultu
819 567 853 620 V.

554 835 695 931 ⁴V·

140 1119 142 1122 ·
283 1168 299 1228 .·
324 1099 570 1194 nmcnuiou
590 1125 640 1193 ut
660 1125 854 1195 cunnum
875 1128 1016 1200 suum.

587 1429 749 1448 α*

192 1659 254 1730 Me
275 1657 433 1726 miserum
452 1657 689 1752 (nequeenim
708 1662 820 1731 verbis
839 1661 1034 1736 solennibus
1055 1665 1124 1736 uiia

140 1780 307 1872 Incipiam
325 1800 433 1867 nunc,
452 1778 608 1849 Castaliae
624 1780 797 1852 vocalibus
815 1785 914 1855 undis

141 1902 294 1990 Invisus,
310 1899 505 1995 Phoeboqus
524 1900 671 1998 gravis)!
693 1929 769 2000 quae
784 1922 914 1993 vestra,
931 1931 1080 1997 sorores,

142 2025 267 2118 Orgia,
286 2024 418 2113 Pieriae,
436 2043 523 2119 quas
543 2026 781 2096 incestavimus
801 2028 897 2098 aras?

141 2145 282 2213 Dicite:
305 2157 382 2238 post
402 2167 536 2240 poenam
553 2145 653 2216 liceat
670 2151 848 2219 commissa
865 2152 972 2222 fateri.
1007 2149 1012 2156 ”
1141 2197 1143 2204 ·

143 2264 322 2359 Numquid
337 2267 506 2336 inaccesso
524 2269 622 2362 posui
639 2271 780 2365 vestigia
798 2269 898 2341 luco?

142 2387 238 2456 Num
256 2389 362 2457 vetito
380 2387 423 2458 de
440 2389 533 2458 fonte
549 2387 639 2458 hist?
658 2415 733 2484 quae
751 2391 872 2488 culpa?
889 2395 965 2488 quis
983 2415 1095 2484 emur,

143 2507 258 2595 Quem
278 2507 403 2580 luimus
421 2512 525 2582 tantis
542 2511 764 2582 mucoribus?
782 2539 860 2584 ecce
879 2514 1029 2606 lacertis,

142 2630 284 2698 Viscera
301 2644 419 2699 nostra
436 2645 553 2700 tenens
571 2635 803 2729 animamque,
823 2635 982 2706 avellitur
998 2639 1123 2725 infans3

144 2748 224 2818 Non
243 2748 284 2817 de
301 2751 405 2848 stirpe
423 2751 575 2844 quidem,
595 2777 658 2823 nec
676 2757 735 2848 qui
754 2737 831 2826 meai
849 2759 985 2830 nomina
1002 2752 1104 2832 feriet

145 2872 300 2962 Oraque;
317 2894 386 2939 non
404 2871 536 2942 fueram
553 2876 687 2967 genitur
707 2901 715 2945 :
736 2875 794 2944 sed
813 2881 939 2948 cernite
955 2879 1069 2971 fletus,

6 3057 8 3060 .
143 2991 370 3084 Liventesque
384 3013 504 3087 genas,
521 3007 555 3064 et
571 2997 697 3067 credite
714 2996 904 3093 planctibus
920 3003 1012 3091 enbi3
1087 3039 1092 3052 ·

144 3109 260 3180 Orbus
278 3135 341 3206 ego
362 3137 370 3182 :
389 3114 460 3184 huc
480 3131 609 3211 patres,
627 3133 661 3187 ct
677 3133 794 3214 aperto
815 3137 950 3217 pectore
965 3137 1092 3195 matres

144 3231 378 3321 Convenient3
393 3217 572 3332 crinesque
591 3241 700 3333 rugis,
719 3256 752 3310 et
770 3267 913 3314 munera
930 3245 1025 3318 ferte.

143 3351 180 3418 si
201 3363 267 3443 qua
286 3351 349 3422 sub
367 3355 529 3426 uhmtus
548 3358 657 3454 plenis
674 3360 717 3430 ad
737 3362 857 3434 funera
876 3381 973 3437 natos

142 3471 220 3564 Ipsa
239 3471 346 3566 gradu
365 3472 500 3546 labente
518 3477 613 3569 tulit,
630 3481 871 3580 madidumque
888 3487 1008 3559 cecidit

142 3591 281 3683 Pectus,
300 3607 334 3664 et
352 3596 507 3669 ardentes
529 3604 685 3674 restinxit
698 3603 789 3676 lacte
803 3607 949 3698 favilias3

142 3713 307 3809 Quisquis
323 3716 436 3788 adhuc
451 3733 574 3792 tenerae
590 3725 761 3821 signatum
778 3727 861 3800 flore
875 3731 1023 3826 juventu

140 3835 313 3905 Immersit
329 3837 433 3910 cineri
447 3841 623 3934 juvenem,
641 3849 816 3944 primaque
830 3851 972 3946 jacentis

141 3955 283 4050 &mere
300 3957 454 4032 caudeles
473 3964 559 4036 vidit
576 3965 735 4064 lanugine
753 3965 920 4063 flammas,

139 4073 258 4164 Adsit,
274 4094 308 4148 et
327 4079 458 4153 alterno
478 4109 610 4157 mecum
632 4087 778 4162 clamore
796 4093 951 4168 fatiscat:

140 4195 307 4270 Vincetur
326 4199 497 4300 lacrymis,
517 4224 550 4279 et
568 4223 616 4301 te,
636 4215 784 4306 Natura,
802 4218 941 4312 pudebit
961 4245 969 4289 :

996 4325 1008 4369 1
1022 4323 1049 4367 1.
