3200 5142
486 471 524 526 m
549 471 579 524 P.
602 471 633 523 r.
655 467 990 528 STAT1151LV.L.1.
1039 493 1041 496 ·
1207 487 1262 548 247

159 623 182 644 .·
248 591 335 646 Bella
353 587 391 667 (v.
413 607 450 662 79
463 585 550 664 sqq.).
570 585 638 642 nee
652 596 720 642 suut
734 583 922 662 capitolinum
933 586 1053 666 (sien,
1069 592 1175 647 Domit
1183 632 1193 659 ‚
1216 591 1265 671 r);

204 681 419 757 germanicum,
428 689 529 736 contra
539 679 652 748 Cattos;
666 677 764 750 civile,
774 679 811 735 ab
820 679 1089 760 Antonio-motum(
1097 679 1183 740 Susr.
1193 727 1201 756 ‚
1211 682 1267 760 6),

204 785 235 830 et
245 775 377 832 dacicum
385 773 682 850 duplex.-Montem.
692 771 770 828 Dicit
778 783 906 829 montem
913 775 1069 846 Dacorum,
1076 793 1112 832 eo
1120 777 1265 833 vocabulo

205 877 298 923 totam
312 877 426 944 gentem
442 865 609 941 designans,
623 863 709 946 quia.
724 875 758 920 ut
774 865 814 920 ait
824 863 920 936 Flos,
935 883 982 938 rr,
1001 885 1035 922 ra
1052 885 1059 922 :
1073 889 1086 916 ι
1099 867 1171 924 Daoi
1184 888 1265 924 mon-

206 959 286 1016 tibus
293 961 439 1016 iuberem
448 983 463 1010 a
477 955 566 1031 Quod
575 958 651 1012 clare
660 955 785 1013 efficitur
798 975 834 1015 ex
847 957 911 1014 Silo.
923 977 975 1029 ιη,
991 961 1026 1031 3,
1043 960 1107 1034 169.
1126 961 1169 1016 Cf.
1186 964 1265 1018 Gno-

209 1071 298 1124 son,
317 1052 454 1124 Diatrib„
467 1069 497 1126 p.
517 1049 583 1108 350.
1281 1041 1285 1050 ’

248 1146 388 1201 Atticus...
404 1139 544 1220 ποιήσώ.
562 1140 638 1221 roa).
654 1141 777 1198 Phidias.
792 1143 872 1217 Sepe
885 1144 976 1200 verbo
991 1146 1187 1202 seniorutitur
1194 1147 1261 1202 Sta-

206 1239 265 1294 tius
279 1238 317 1294 ad
331 1235 534 1315 significandos
549 1235 601 1310 qui
611 1235 663 1292 diu
678 1245 744 1292 ante
759 1254 790 1293 se
802 1236 945 1293 vixerunt.
959 1238 1034 1296 Vide
1047 1241 1216 1298 Minn—
1227 1242 1267 1297 Te

204 1331 330 1386 similem
347 1329 486 1404 explicuit
503 1331 633 1385 Gronov.
654 1327 686 1383 in
700 1329 795 1384 Diatr.
804 1368 814 1396 ,
824 1347 854 1402 p.
867 1329 904 1397 31.
919 1348 998 1405 sqq.‚
1010 1342 1089 1388 tuam
1103 1331 1263 1409 imaginem,

205 1423 290 1498 quod
309 1433 431 1499 propter
447 1421 518 1478 alios
530 1422 612 1477 locos
630 1421 714 1478 Statii
728 1421 823 1496 probe
837 1422 1004 1480 tenendum.
1021 1423 1102 1481 idem
1120 1443 1208 1498 vero,
1231 1445 1261 1500 p.

206 1517 246 1590 39
261 1537 321 1592 sq„
335 1516 443 1590 optime
464 1514 570 1570 refutat
583 1513 752 1570 sententiam
767 1515 942 1586 multorum,
956 1518 1003 1572 oui
1019 1517 1104 1574 etium
1122 1519 1265 1576 Weberus

204 1623 300 1682 nuper
312 1607 442 1679 adhesit,
457 1625 559 1662 novum
576 1608 712 1680 templum
729 1603 851 1684 intelligi
867 1606 955 1679 illud,
972 1608 1056 1683 qiiod
1064 1610 1167 1666 Flaviae
1186 1611 1264 1686 genti

203 1700 378 1756 exstruxerit
389 1698 579 1756 Domitianus.
594 1728 634 1739 -
648 1698 715 1772 Seq.
732 1713 818 1754 versu
834 1699 925 1754 raras
939 1709 981 1755 est
996 1719 1116 1778 magnus
1135 1703 1265 1759 colossus

203 1794 332 1850 Tarenti.

247 1889 345 1943 Iactus
360 1888 426 1943 huic
439 1883 483 1964 (v.
501 1882 577 1960 107).
595 1885 668 1941 Huic
686 1884 827 1960 disyllabo
840 1884 1009 1962 legendum,
1027 1895 1135 1942 utnon
1153 1907 1220 1944 rarii
1230 1889 1260 1944 iu

203 1980 250 2036 liis
265 1980 376 2054 poetis3
388 1969 456 2035 vide
468 1977 631 2050 Haemon,
648 1979 686 2034 ad
698 1994 758 2052 seq.
773 1996 878 2044 carin..
891 1997 919 2033 v.
941 1978 1005 2036 135.

246 2073 340 2129 Canu.
354 2073 392 2127 11.
407 2073 552 2126 Alternum
559 2069 681 2141 factm
694 2069 800 2144 pedem
814 2068 852 2148 (r.
864 2069 904 2147 9).
922 2071 945 2126 1.
961 2089 986 2127 e.
1001 2071 1142 2148 elegiacos
1154 2093 1261 2130 versus.

204 2164 336 2221 Hanffius
353 2171 543 2242 ποιητικώτερον
558 2182 574 2219 e
588 2163 654 2219 end.
671 2162 787 2219 Vralisl.
805 2162 943 2235 lsu18m.

248 2259 382 2313 Dommoe
393 2255 483 2312 niveis
495 2274 516 2309 a
529 2257 657 2311 uultibus
674 2255 772 2312 obstas
785 2253 824 2332 (v.
841 2256 877 2313 23
887 2251 906 2325 i.
922 2255 967 2310 Ne
981 2252 1068 2311 flores
1082 2255 1113 2310 in
1122 2275 1263 2313 earncou-

201 2349 274 2422 jecti
287 2351 401 2405 vultum
420 2358 548 2425 ungant.
570 2347 700 2424 Cogitari
713 2364 784 2404 vcro
800 2347 889 2404 debet
903 2347 1059 2404 osculantis
1076 2349 1200 2405 habitus.

246 2445 351 2498 Pressa
381 2437 422 2514 (v.
452 2434 511 2518 li).
539 2441 672 2498 Handius
697 2451 727 2497 et
753 2457 838 2497 seusu
868 2451 897 2496 et
920 2450 1013 2496 metro
1036 2441 1173 2515 expedito
1195 2443 1264 2519 legit

201 2553 351 2610 prensum.

244 2625 470 2700 Multa...uirgo
489 2621 528 2703 (v.
552 2619 615 2700 li).
632 2623 770 2680 Fascibus
782 2624 1011 2701 magistratuum.
1032 2625 1075 2681 ΓΞ.
1090 2645 1117 2681 v.
1136 2627 1203 2684 233.

246 2721 333 2774 lieno
357 2714 400 2796 (v.
420 2715 485 2795 60).
504 2715 551 2774 Sic
572 2715 676 2772 Markl.
693 2716 787 2774 Codd.
804 2720 884 2774 lecto.
911 2718 1062 2775 Jacobsius
1083 2719 1121 2775 ad
1145 2719 1262 2775 Authol.

205 2813 272 2878 Gn,
294 2813 351 2868 vol.
374 2829 439 2881 xri,
456 2829 487 2884 p.
510 2817 560 2880 sl,
579 2809 657 2882 conj.
677 2809 797 2866 moecho.

245 2904 380 2960 Proeluxi
389 2900 428 2980 (v.
443 2899 503 2979 89).
518 2901 670 2958 Passovius
679 2919 715 2958 ex
724 2902 790 2958 eod.
800 2902 1021 2978 Rhedigerauo,
1032 2903 1089 2960 levi
1103 2907 1263 2962 mutatione

204 2995 352 3067 adhibita,
372 2993 475 3051 melius
488 2993 636 3069 praesulsi.
1250 3005 1252 3010 ’

248 3089 392 3146 Columboe
414 3085 454 3165 (v.
477 3084 554 3165 roa).
575 3085 704 3161 Respicit
722 3105 827 3162 poema
845 3087 954 3154 Stellae,
972 3087 1010 3144 de
1028 3105 1089 3162 quo
1110 3091 1265 3162 Martialis,

204 3203 231 3252 1,
247 3182 353 3253 83v11,
372 3187 416 3247 ιί..
672 3193 674 3200 ’

250 3275 576 3350 Suggestumquecomoe
589 3268 629 3350 (v.
649 3269 726 3348 ul).
745 3271 814 3328 Hac
823 3271 954 3328 Handius
968 3272 1043 3330 bene
1058 3277 1197 3349 explicuit
1211 3277 1264 3332 ad-

203 3367 300 3424 lribito
313 3366 481 3436 Ammiano,
494 3383 561 3436 xvi,
579 3383 614 3420 ro
625 3384 632 3420 ε
642 3387 655 3415 e
664 3365 820 3440 Elatosque
834 3364 941 3422 vertice
954 3367 1067 3422 scansili
1080 3378 1264 3444 suggestus,-

204 3460 299 3518 eriues
315 3461 347 3516 in
365 3459 472 3536 gradus
487 3459 677 3533 compositos,
692 3458 751 3515 sive
765 3457 903 3534 gradibus
923 3458 1074 3518 distinctos
1089 3461 1118 3516 in
1133 3462 1222 3518 altum
1236 3481 1265 3520 se

204 3554 376 3610 attollentes.

251 3646 385 3719 Queritur
400 3644 469 3716 jam
491 3643 531 3724 (v.
559 3642 636 3723 aaa).
657 3643 705 3701 Sic
728 3643 789 3700 lere
819 3643 922 3714 codri,
944 3645 996 3702 aed
1021 3646 1160 3702 sententia
1187 3646 1265 3702 haud

204 3741 305 3814 paullo
318 3737 436 3794 meliore
450 3737 583 3796 llandius
597 3736 725 3811 scripsit:
737 3760 749 3786 a
761 3736 976 3808 Querimurjam
989 3739 1073 3794 Seras
1086 3757 1187 3796 avaros
1202 3743 1265 3794 An-

203 3844 317 3907 gustum
343 3827 395 3907 (ita
420 3830 507 3888 codd.
529 3827 653 3906 aliquot)
681 3827 805 3902 spoliare
831 3825 908 3905 (nam
927 3831 1073 3904 spoliasse
1100 3832 1265 3888 Maiklandi

204 3924 371 3997 conjectura
393 3919 447 4000 est)
466 3941 567 3979 nemus
587 3943 622 3978 :s
640 3931 673 3976 ut
688 3929 775 3994 poeta
793 3921 851 3975 sive
864 3919 964 3993 potius
979 3924 1077 3979 Venus
1097 3923 1195 3980 doleat
1210 3923 1265 3980 sibi

203 4019 262 4091 jain
278 4017 375 4072 deesse
392 4026 561 4071 ornamenta
580 4012 746 4071 Violentilla
766 4012 833 4069 satis
847 4012 941 4088 digna.

246 4111 292 4166 Ab
306 4109 390 4164 astn's
408 4104 447 4183 (v.
474 4105 549 4185 ¹47)-
573 4111 640 4165 Post
658 4118 748 4178 astra,
767 4125 831 4181 quae
850 4107 939 4163 modo
959 4107 1122 4181 reliquerat.
