3094 5140
391 488 446 542 ¹70
695 465 910 522 ‘rhamnos
930 465 1043 522 Lmen
1060 465 1110 520 lx.
1325 465 1435 527 (east.)

386 601 544 690 Increpat
562 594 717 664 assistens
736 619 745 662 ε
765 594 867 662 «Non
888 593 958 661 haec
976 593 1035 662 tibi
1054 590 1170 685 proelia
1191 593 1317 661 Divum

387 722 453 788 Dat
474 715 795 812 paterzarmifemm
814 716 850 784 ni
871 718 1026 809 protinus
1046 713 1199 808 improba
1221 737 1378 806 campum

387 842 542 926 Deseris,
557 838 637 907 huic
655 861 784 930 aequam
803 861 921 905 nosces
941 861 1003 904 nec
1020 834 1157 904 Pallada
1175 833 1310 904 (lentim.
1326 865 1343 897 e

438 958 531 1049 Quid
550 958 650 1028 faciat
669 957 809 1028 contra?
827 958 951 1052 premit
968 957 1049 1026 hinc
1070 957 1239 1026 Mavortia
1256 957 1388 1049 cuspis;

386 1083 474 1152 Hinc
489 1080 597 1177 pleuae
615 1081 695 1168 tibi,
714 1105 835 1175 parve,
853 1077 962 1165 colus3
980 1079 1072 1148 Jovis
1091 1078 1169 1146 inde
1185 1079 1291 1146 severi

384 1202 526 1292 Vultus3
544 1205 615 1272 abit
633 1201 705 1272 solo
724 1217 801 1299 post
816 1203 889 1271 haec
905 1201 1035 1271 devicta
1054 1199 1192 1294 pudore.

434 1329 478 1396 ht
494 1339 588 1419 pater
603 1326 751 1419 Ogygias
770 1327 909 1393 Mavors
927 1322 1155 1416 circumspicit
1174 1317 1261 1408 alas,

386 1447 669 1540 Homendumque
685 1449 838 1540 Dryanta
854 1459 985 1532 moret,
1005 1445 1059 1514 cui
1080 1443 1251 1538 sanguinis
1269 1457 1393 1510 auctor

384 1567 556 1636 Turbidus
574 1567 700 1652 Orion,
722 1568 928 1660 comitesque
944 1565 1055 1636 odisse
1071 1565 1198 1634 Dianae.

382 1687 468 1756 Inde
484 1686 567 1757 scirit
584 1688 730 1781 primum
748 1711 754 1756 :
774 1689 830 1756 hic
846 1687 999 1757 turbatos
1015 1688 1133 1783 arripit
1153 1712 1230 1756 ense

383 1809 548 1896 Arcadas,
567 1824 782 1902 exarmatque
798 1807 918 1878 ducem
937 1836 944 1876 :
965 1809 1054 1878 cadit
1071 1811 1204 1904 agmine
1218 1807 1322 1902 longo

354 1971 355 1978 κ
383 1927 539 2024 Cyllenes
558 1929 722 2024 populns,
742 1933 935 2026 Tegeesque
955 1931 1123 1999 habitator
1140 1953 1267 2024 opacae,

384 2051 568 2145 AEpitiique
587 2050 687 2120 duces
702 2049 855 2146 hrgiunt,
876 2052 1069 2144 Pheneique
1088 2048 1280 2145 phalanges.

382 2173 497 2265 ipsum
517 2186 680 2244 autemst
700 2171 784 2242 lassa
803 2170 877 2241 fidit
895 2187 1110 2266 prosternere
1129 2170 1265 2256 dextra,

383 2295 456 2362 Nec
472 2295 685 2363 servatrices
706 2319 713 2361 :
735 2295 857 2362 etenim
876 2293 942 2362 huc
959 2295 1028 2386 jam
1047 2293 1170 2380 fessus,
1190 2308 1222 2360 at
1241 2291 1341 2381 illuc,

381 2413 537 2483 Mutabat
555 2429 682 2484 turmas
700 2441 707 2483 :
727 2431 848 2509 urgant
866 2417 1026 2510 presagia
1046 2411 1136 2484 mille

381 2537 543 2623 Funeris,
564 2551 598 2604 et
616 2537 721 2631 nigrae
743 2535 937 2629 praecedunt
955 2535 1069 2606 nubila
1091 2540 1218 2606 mortis.
1535 2589 1536 2650 ,

381 2659 523 2750 Jamque
541 2657 643 2725 miser
662 2681 756 2727 raros
777 2659 936 2743 comites,
953 2683 1137 2752 verumque
1159 2657 1290 2728 videbat

382 2779 532 2865 Dorcea,
549 2779 620 2872 jam
641 2779 729 2847 vires
747 2777 921 2873 paullatim
940 2780 1117 2856 abscedere
1136 2757 1255 2866 sentit,

383 2899 491 2968 Sentit
509 2913 543 2968 et
561 2900 737 2969 exhaustas
754 2901 894 2970 humero
913 2900 1036 2970 leviore
1052 2903 1237 2997 pharetras.
1535 2979 1536 3016 ,

381 3023 454 3089 Jam
474 3022 585 3090 minus
606 3038 708 3115 atque
724 3022 836 3092 minus
852 3021 915 3091 sert
930 3047 1041 3112 arma,
1063 3050 1212 3118 puerque
1230 3024 1367 3094 videtur

380 3145 425 3211 Et
442 3143 526 3230 sibi,
547 3167 653 3236 quum
672 3155 768 3213 torva
784 3142 891 3239 clypei
913 3145 1113 3214 metuendus
1131 3146 1255 3232 obarsit

379 3267 474 3334 Luce
493 3267 601 3359 Dryas
622 3291 630 3332 :
648 3280 774 3334 tremor
791 3289 851 3333 ora
868 3290 990 3360 repens
1010 3291 1049 3335 ac
1070 3268 1195 3336 viscera
1216 3267 1310 3334 torsit

334 3375 335 3378 ¹
380 3386 555 3455 Arcados:
579 3402 683 3480 utque
700 3386 761 3455 leri
783 3403 950 3457 vectorem
971 3386 1120 3457 fulminis
1138 3386 1232 3458 albus

381 3506 496 3594 Quum
516 3532 617 3602 snpra
634 3509 779 3602 respexit
796 3507 885 3597 olor,
906 3510 999 3602 cupit
1019 3509 1148 3579 hiscere
1166 3512 1271 3604 ripam

380 3629 596 3721 Strymonos,
615 3644 649 3697 et
664 3629 809 3724 trepidas
829 3632 862 3699 in
881 3645 1016 3725 pectora
1035 3632 1205 3700 contrahit
1225 3630 1317 3699 alas:

380 3749 434 3816 Sic
450 3748 610 3841 juvenem
629 3751 706 3818 saevi
727 3765 904 3845 conspecta
924 3749 1013 3821 mole
1030 3754 1211 3846 Dryantis,

378 3872 453 3937 Jam
472 3895 540 3938 non
558 3871 607 3938 ira
629 3869 738 3958 subit,
757 3870 813 3940 secl
833 3869 890 3941 leti
911 3873 1050 3943 nuntius
1068 3873 1201 3943 horror.

379 3995 481 4060 Arma
498 4006 628 4080 tamen,
648 3993 770 4061 frustra
790 3995 936 4088 Suprros
953 3995 1167 4089 Triviamque
1188 4011 1362 4088 precatus,

377 4111 518 4181 Molitus
537 4111 685 4208 pallens,
705 4129 740 4182 et
757 4114 875 4183 surdos
897 4115 1033 4211 expedit
1050 4141 1157 4186 arcus
