3172 5142
162 454 259 521 (VM-l
481 453 696 512 rnnnsmos
720 453 830 509 LIBER
853 450 918 506 vn.

162 583 239 650 Jam
258 579 378 664 levior,
399 577 496 648 tardo
516 577 670 649 flectebat
690 578 839 673 pondere
858 573 999 644 vultum.

214 701 264 770 Ut
281 702 307 768 si
328 698 465 794 quaudo
484 701 570 788 ruit,
590 697 836 791 debellatasque
853 694 989 788 reliquit

163 823 275 890 Eurus
295 843 414 913 aquas,
435 843 499 912 pax
519 820 590 912 ipsa
609 833 733 903 tumet,
753 833 961 912 pontumque
979 815 1143 907 jacentem

165 941 336 1008 Exanimis
353 939 423 1032 jam
442 936 545 1008 volvit
566 940 696 1008 hiems:
714 937 864 1006 nondum
884 959 976 1004 arina
995 933 1117 1002 camnis

164 1059 305 1144 Omnia,
327 1081 389 1127 nee
407 1072 478 1126 toto
495 1062 660 1152 respirant
676 1073 811 1153 pectore
826 1071 945 1126 nautae.

214 1179 364 1249 Finierat
380 1203 509 1273 pugnas
528 1179 639 1248 honor
657 1175 853 1273 exsequialis
871 1178 1033 1258 inermes,

165 1297 320 1368 Necdum
338 1298 479 1368 aberant
497 1313 618 1388 coetus,
636 1300 832 1392 cunctisque
849 1294 1023 1380 silentibus
1037 1294 1136 1365 heros

165 1421 256 1490 Vina
272 1418 344 1492 solo
360 1417 504 1488 lundens
525 1421 669 1488 cinerem
687 1417 843 1515 placabat
858 1415 1021 1486 Adrastus

167 1529 362 1608 Archemori
379 1565 387 1608 :
403 1542 501 1632 «13³2
517 1565 636 1634 parve,
657 1555 753 1609 tuum
774 1536 945 1607 trieteride
963 1533 1068 1605 multa

165 1659 359 1728 Instaurare
376 1659 481 1745 diem;
500 1684 563 1728 nec
582 1661 714 1730 saucius
736 1658 883 1730 Arcades
902 1683 976 1726 aras

165 1777 265 1847 Melit
280 1778 373 1848 edire
391 1777 528 1875 Pelops,
547 1779 703 1875 Elaeaque
722 1779 835 1875 pulset
853 1779 982 1848 eburna

166 1897 303 1992 Temple
320 1923 442 1986 munus
461 1925 521 1969 nec
535 1900 689 1969 Castaliis
707 1898 869 1969 altaribus
889 1899 1025 1993 unguis,

127 2012 132 2018 ’
167 2019 316 2090 Nessus
335 2020 489 2114 pinigero
507 2023 613 2117 magis
634 2020 770 2089 adnatet
791 2021 911 2090 umbra
927 2018 1079 2116 Lechaeo.

168 2142 239 2209 Nos
258 2156 291 2209 te
309 2137 454 2236 lugenti,
473 2166 569 2236 puer,
589 2141 781 2210 inficiamur
799 2145 950 2224 Averno,

167 2264 354 2355 Moesteque
374 2263 545 2357 perpetuis
565 2259 740 2331 sollemnia
756 2261 929 2356 jungimus
950 2260 1066 2346 astris;

168 2382 268 2451 Nunc
289 2380 409 2451 festina
426 2383 548 2451 cohors
566 2408 574 2450 ε
593 2397 628 2451 at
648 2383 675 2452 si
694 2383 823 2452 Boeotia
843 2380 931 2450 ferro

168 2505 309 2571 Vertere
327 2517 415 2572 tecta
433 2501 544 2590 dahis,
562 2505 694 2598 magnis
712 2519 792 2572 tunc
810 2503 945 2599 dignior
965 2502 1048 2585 aris,
1120 2497 1124 2506 ’

167 2625 262 2692 Tunc
280 2625 392 2709 Deus;
414 2623 569 2692 Inachias
588 2647 650 2693 nee
667 2638 798 2692 tantum
815 2621 904 2692 culte
924 2646 984 2716 per
1000 2619 1100 2691 urbes

168 2743 332 2831 Numina,
350 2744 491 2837 captivis
509 2744 609 2812 etiam
625 2744 783 2838 jurabere
798 2745 963 2814 Thebis.»

168 2866 246 2932 Dux
261 2887 301 2932 ea
316 2887 379 2957 pro
396 2865 525 2932 cunetis
542 2890 550 2932 ε
569 2863 685 2933 eadem
703 2865 765 2933 sibi
784 2867 927 2960 quisque
943 2865 1096 2934 vovebat,

220 2986 295 3052 lam
311 2985 427 3078 pronis
445 2984 615 3054 Gradivus
634 2987 729 3079 equis
747 2985 913 3080 Ephyraea
930 2985 1102 3079 premebat

170 3105 302 3194 Litora,
320 3127 389 3198 qua
407 3087 554 3176 summas
572 3121 674 3202 caput
693 3107 958 3177 Acrocorinthus
974 3109 1009 3174 in
1028 3128 1126 3173 auras

169 3223 288 3313 Tollit,
309 3240 344 3296 et
361 3224 491 3297 alterna
508 3229 681 3322 geminum
699 3251 793 3295 mare
812 3228 958 3322 protegit
976 3225 1107 3295 umbra.

171 3345 254 3414 lnde
273 3371 380 3416 unum
398 3347 472 3416 dira
491 3349 651 3418 comitum
671 3347 713 3415 de
731 3347 828 3441 plebe
846 3349 1010 3416 Pavorem

171 3465 415 3562 Quadrupedes
432 3469 559 3538 anteire
572 3469 669 3562 juhet
684 3495 692 3536 :
710 3494 779 3537 non
800 3467 885 3537 alter
906 3464 1044 3536 anhelos

162 3589 346 3686 ¹Insinuare
362 3604 490 3676 metus,
508 3589 725 3683 animumque
742 3603 893 3658 avertere
908 3589 994 3656 veris

174 3710 313 3802 Aptior:
329 3709 515 3778 innumerae
530 3725 682 3779 monstro
700 3735 880 3804 vocesque,
897 3733 1100 3806 manusque,

171 3832 214 3897 Et
230 3826 330 3898 facies
347 3855 556 3924 quascunque
573 3828 656 3900 libet
673 3831 803 3902 :honus
823 3833 938 3900 omnia
955 3829 1045 3900 credi

170 3954 307 4040 Auctor,
324 3965 357 4021 et
373 3952 541 4024 horrificis
556 3952 730 4050 lymphare
748 3954 937 4022 incursibus
954 3952 1064 4023 urbes.

170 4073 204 4138 Si
226 4074 375 4166 geminos
393 4072 493 4164 soles,
514 4077 711 4169 ruituraque
731 4074 869 4144 suadeat
885 4089 990 4162 nstra,
