3094 5140
116 483 154 542 ss.
167 483 224 550 51.)
425 483 681 541 scHlLLtlnos
703 485 820 542 LIBER
839 486 865 544 l.
1120 489 1174 548 261

117 611 232 678 Unam
247 607 409 676 hiemem.
420 637 440 673 n
456 610 571 698 Dixit,
585 617 816 706 magnumque
834 613 869 679 in
889 625 1041 708 tempore
1062 623 1175 710 regern

116 729 281 824 Adspicit.
298 731 437 798 Oceano
451 731 613 820 ¹veniebat
630 729 673 799 ab
691 731 842 826 hospite,
858 732 983 802 mensis

115 853 249 939 Laetus,
272 864 306 920 et
325 873 483 942 aequoreo
503 849 646 920 diffusus
666 865 803 920 nectare
821 851 950 921 voltus:

114 970 219 1042 Unde
239 972 387 1059 hiemes,
405 973 565 1064 ventique
584 967 702 1060 silent,
722 986 890 1066 cantuque
908 973 1025 1066 quieto

113 1093 288 1187 Armigeri
305 1093 460 1161 Tritones
475 1106 578 1180 eunt,
596 1090 847 1187 scopulosaque¹
863 1107 959 1182 cete,

114 1214 353 1308 Tyrrhenique
369 1237 490 1309 greges
505 1215 700 1308 circumque
719 1213 875 1309 infraque
891 1227 1049 1283 rotantur

114 1339 211 1429 Rege
232 1333 401 1407 salutato:
418 1331 559 1428 placidis
581 1335 653 1430 ipse
671 1334 798 1404 arduus
817 1334 917 1406 undis

114 1456 272 1543 Eminet,
289 1468 321 1523 et
343 1452 468 1549 triplici
483 1453 552 1525 telo
565 1455 663 1549 jubet
679 1457 730 1524 ire
745 1454 890 1552 jugales.

114 1575 172 1645 Illi
188 1575 388 1672 spumiferos
403 1576 593 1672 glomerant
610 1602 630 1645 a
648 1577 787 1671 pectore
804 1577 945 1667 fluctus;

114 1702 210 1768 Pone
230 1713 363 1787 natant,
378 1697 558 1793 delentque
575 1697 700 1793 pedum
717 1701 859 1794 vestigia
878 1699 994 1770 cauda.

115 1821 183 1890 Cui
202 1821 319 1890 Thetis
336 1846 344 1888 :
364 1849 382 1884 r
395 1822 428 1889 Ο
444 1822 560 1916 magni
578 1835 691 1890 rector
708 1822 908 1915 genitorque
926 1821 1106 1916 profundi,

115 1942 287 2036 Adspicis,
305 1942 340 2008 in
357 1939 476 2035 quales
492 1943 652 2010 miserum
674 1939 871 2035 patefeceris
888 1965 969 2010 usus
1024 1977 1026 1984 ·

114 2060 265 2157 AEquor?
283 2066 375 2133 Eunt
395 2064 477 2132 tutis
497 2077 665 2132 terrarum
683 2063 825 2133 crimina
844 2060 944 2147 velis,

114 2187 168 2253 Ex
185 2209 254 2278 quo
267 2186 346 2279 jura
365 2184 444 2253 freti
464 2184 740 2278 majestatemque
759 2199 931 2277 repostam

115 2305 224 2399 Rupit
243 2307 378 2374 Iasonia
393 2306 518 2399 puppis
534 2309 691 2399 Pagasaea
709 2305 838 2400 rapina.

114 2429 170 2494 En
190 2424 283 2494 aliud
300 2425 393 2495 furto
412 2424 535 2513 scelus,
553 2439 588 2494 et
603 2423 712 2520 spolia
732 2426 865 2519 hospita
886 2442 1026 2522 portans

115 2547 265 2639 Navigat
284 2547 637 2641 injustaetemerarius
654 2547 781 2615 arbiter
796 2546 883 2634 Idae,

115 2666 212 2735 Eheu
230 2692 315 2761 quos
338 2669 482 2763 gemitus
501 2667 600 2736 terris
619 2645 807 2762 pelagoque
825 2665 985 2738 daturus!

116 2789 212 2876 Quos
231 2785 332 2856 mihil
354 2789 402 2857 sic
416 2787 571 2884 Phrygiae
590 2813 771 2882 pensamus
786 2791 922 2882 praemia
941 2788 1071 2884 palmas.

115 2909 161 2976 Hi
177 2909 321 2978 Veneris
342 2933 470 2997 mores,
487 2908 553 2980 hoc
573 2924 677 3004 gratae
695 2934 818 2980 munus
836 2908 1004 2979 alumnae?

115 3031 186 3098 llas
204 3028 319 3098 saltem
339 3029 427 3124 (non
443 3028 632 3118 Semideos,
651 3045 874 3124 nostrumque
889 3045 1064 3124 reportant

115 3147 277 3244 Thesea),
295 3153 322 3218 si
339 3151 415 3244 quis
430 3149 541 3219 adhuc
558 3149 659 3220 undis
675 3150 798 3238 honor,
814 3150 920 3219 obrue
936 3176 1087 3245 puppes,

114 3273 186 3339 Aut
205 3273 363 3366 permitte
382 3270 506 3340 fretum
523 3300 531 3340 :
548 3270 643 3341 nulla
660 3270 898 3342 inclementia:
919 3270 968 3339 fas
987 3273 1030 3346 sit

115 3392 183 3458 Pro
201 3405 282 3460 nato
301 3393 451 3461 timuisse
468 3393 552 3462 mihi
569 3416 577 3461 ε
596 3391 638 3462 da
658 3389 777 3462 tollere
794 3392 938 3478 fluctus,

114 3512 187 3580 Nec
205 3512 266 3580 tibi
286 3511 327 3581 de
348 3515 449 3584 tantis
468 3514 600 3608 placeat
620 3539 674 3584 me
692 3513 852 3583 lluctibus
873 3539 979 3584 unum

113 3632 234 3721 Litus,
252 3649 286 3702 et
306 3632 399 3704 Iliaci
420 3633 576 3730 scopulos
592 3636 745 3705 habitare
760 3632 916 3729 sepulcri.
933 3663 950 3698 n

163 3754 294 3823 Orabat
313 3755 436 3825 laniata
454 3781 586 3846 comas,
605 3771 639 3826 et
657 3770 793 3851 pectore
812 3754 908 3824 nudo

113 3873 277 3945 Caeruleis
293 3877 450 3946 obstabat
466 3878 582 3971 equis:
599 3892 680 3946 tunc
697 3876 820 3946 ductor
837 3901 1003 3970 aquarum

111 3998 238 4065 Invitat
256 4020 377 4085 curru,
396 3999 563 4092 dictisque
582 4000 629 4068 ita
649 3996 776 4068 mulcet
791 3999 931 4068 amicis:

111 4147 128 4179 α
143 4119 194 4186 Νε
214 4132 289 4210 pete
305 4119 512 4190 Dardaniam
533 4121 675 4210 frustra,
696 4120 811 4209 Theti,
831 4143 983 4216 mergere
1003 4115 1151 4187 classem.
1168 4131 1189 4166 ·'
