3172 5142
405 475 463 534 aas
720 477 933 552 Timeamus
952 477 1061 536 anna
1083 481 1136 537 rx.
1338 481 1451 546 rens.)

404 605 545 672 Pectora
561 599 711 672 coeruleae
727 604 807 671 rivis
821 605 992 672 manantia
1010 605 1131 674 barbae.

404 722 515 792 Obvia
534 737 694 816 cognatos
712 724 874 816 gemitus,
896 749 1076 818 casumque
1094 727 1224 820 nepotis

404 842 638 936 Nympharum
654 839 754 910 docet
774 866 841 910 una
859 857 1007 938 patrem,
1027 861 1257 940 monstratque
1276 861 1449 916 cruentum

403 963 602 1046 Auctorem,
622 959 841 1055 dextramque
858 965 981 1055 premit
1002 989 1010 1031 ε
1031 967 1121 1033 stetit
1141 965 1265 1036 arduus
1286 965 1354 1036 alto

404 1085 528 1168 Amne,
546 1104 715 1173 manuque
733 1105 853 1175 genas,
872 1097 905 1150 et
925 1104 1011 1151 nexa
1029 1081 1216 1154 virentibus
1233 1086 1319 1156 ulvis

347 1275 349 1290 Ι
403 1203 543 1270 Cornua
562 1202 773 1290 concutiens,
791 1203 840 1270 sic
857 1201 1012 1272 turbidus
1028 1228 1087 1274 ore
1102 1205 1270 1299 profundo

402 1322 525 1414 Incipit
542 1346 551 1389 ε
567 1323 736 1390 «Hancne
754 1321 853 1410 mihi,
870 1325 1037 1416 Superum
1055 1340 1225 1420 regnator,
1243 1326 1427 1414 honorem,

403 1439 504 1529 Quod
523 1442 622 1510 toties
640 1441 827 1535 hospesque
845 1443 911 1510 tuis
932 1457 967 1512 et
985 1446 1137 1514 conscius
1156 1447 1255 1533 actis,

403 1565 473 1631 Nec
491 1586 677 1630 memorare
694 1564 812 1649 timor,
829 1561 911 1630 falsa
925 1587 1017 1632 nunc
1035 1565 1188 1659 improba
1204 1565 1313 1634 frome

402 1685 558 1768 Cornua,
575 1706 667 1751 nunc
684 1683 823 1751 vetitam
841 1707 961 1752 currus
975 1682 1166 1779 disjungere
1184 1686 1352 1764 Phoeben,

402 1800 605 1896 Dotalcsque
624 1827 743 1896 rogos,
762 1802 967 1897 deceptaque
987 1803 1128 1873 fulmina
1144 1804 1230 1894 vidi,

402 1924 658 2016 Praecipuosque
674 1921 742 1990 alui
757 1923 938 1992 natorum?
955 1950 999 1993 an
1017 1923 1091 1994 vilis
1106 1939 1140 1993 et
1156 1924 1221 1995 illis

402 2042 544 2113 Gratia?
565 2042 608 2112 ad
629 2043 719 2112 hunc
738 2057 828 2112 certe
846 2046 951 2138 repsit
969 2047 1164 2138 Tirynthius
1180 2071 1330 2115 amnem:

401 2166 472 2231 Hac
492 2163 553 2230 tibi
573 2163 771 2257 flagrantem
790 2165 959 2231 Bromium
982 2166 1191 2234 restinximus
1209 2166 1310 2234 unda.

401 2282 561 2377 Adspice,
582 2307 664 2375 quas
680 2281 782 2350 lluvio
799 2281 921 2369 caedes,
940 2307 1014 2377 quae
1035 2284 1153 2353 funera
1168 2301 1316 2379 portem,

400 2405 591 2472 Continuus
610 2401 702 2486 telis,
722 2400 856 2496 altoque
876 2402 1056 2496 adopertus
1077 2429 1208 2474 acervo.

401 2529 512 2594 Omne
531 2522 653 2592 vadum
672 2521 750 2592 belli
770 2525 872 2592 series
889 2537 981 2592 tenet
998 2549 1006 2591 τ
1025 2527 1132 2594 omnis
1151 2525 1284 2594 anhelat

400 2646 502 2716 Unda
523 2645 636 2732 nefas,
657 2645 837 2738 subterque
852 2646 970 2713 animae
987 2669 1153 2745 supraque
1167 2662 1315 2716 recentes

400 2771 541 2854 Errant,
561 2779 594 2835 et
611 2766 759 2859 geminas
774 2766 922 2858 jungunt
939 2762 1081 2859 caligine
1098 2767 1197 2860 ripas.

399 2885 460 2956 Ille
477 2911 539 2981 ego
558 2885 720 2954 clamatus
738 2885 840 2953 sacris
860 2865 1042 2953 ululatibus
1061 2887 1186 2974 amnis,

399 3007 468 3095 Qui
486 3004 603 3075 molles
623 3005 772 3099 thyrsos,
791 3004 1016 3098 Bacchaeaque
1032 3031 1158 3074 cornua
1173 3032 1259 3101 puro

398 3133 505 3198 Fonte
523 3126 634 3195 lavare
652 3123 758 3211 feror,
770 3126 916 3218 ¹stipatus
935 3124 1079 3194 caedibus
1093 3141 1199 3195 arctas

399 3253 439 3317 In
459 3248 544 3318 freta
562 3271 675 3340 quaro
694 3247 786 3313 vias:
807 3269 875 3314 non
890 3247 1087 3337 Strymonos
1108 3249 1209 3340 impia
1228 3261 1323 3316 tanto

399 3343 524 3463 Stagna
542 3391 663 3436 cruore
677 3378 813 3448 natant,
831 3389 899 3432 non
918 3363 1080 3458 spumifer
1096 3364 1194 3434 altius
1211 3368 1343 3438 Hebrus

385 3471 549 3558 'Gradivo
569 3483 713 3555 bellante
731 3484 854 3554 rubet:
872 3509 935 3552 nec
955 3499 988 3552 te
1007 3483 1164 3554 admonet
1181 3484 1281 3555 altrix

399 3608 517 3692 Unda,
535 3621 676 3700 tuasque
693 3629 829 3693 manue,
845 3603 1047 3699 jampridem
1064 3604 1167 3674 oblite
1182 3623 1357 3700 parentum

398 3727 520 3797 Liber?
539 3753 583 3796 an
601 3731 691 3796 Eous
711 3724 829 3795 melius
848 3740 988 3820 pacatur
1007 3724 1202 3820 Hydaspes?

398 3853 443 3918 At
460 3863 516 3936 tu,
534 3849 593 3941 qui
614 3845 762 3916 tumidus
774 3843 914 3940 spoliis,
935 3859 968 3913 et
984 3847 1145 3940 sanguine
1160 3846 1284 3941 gaudes

399 3969 544 4037 Insontis
558 3968 672 4062 pueri,
690 3991 759 4035 non
777 3965 842 4036 hoc
858 3990 899 4034 ex
919 3989 1016 4034 amne
1032 3979 1205 4058 potentem

399 4088 568 4178 Inachon,
588 4103 646 4158 aut
664 4111 766 4156 saevas
786 4087 893 4155 victor
907 4086 1066 4155 revehere
1084 4087 1258 4179 Mycenas,
