<?xml version="1.0" encoding="UTF-8"?>
<!DOCTYPE html PUBLIC "-//W3C//DTD XHTML 1.0 Transitional//EN"
    "http://www.w3.org/TR/xhtml1/DTD/xhtml1-transitional.dtd">
<html xmlns="http://www.w3.org/1999/xhtml" xml:lang="en" lang="en">
 <head>
  <title>
</title>
<meta http-equiv="Content-Type" content="text/html;charset=utf-8" />
  <meta name='ocr-system' content='tesseract 3.04.00' />
  <meta name='ocr-capabilities' content='ocr_page ocr_carea ocr_par ocr_line ocrx_word'/>
</head>
<body>
  <div class='ocr_page' id='page_1' title='image "./operaquaeextant00dbgoog_0675.png"; bbox 0 0 3080 5136; ppageno 0'>
   <div class='ocr_carea' id='block_1_1' title="bbox 386 484 1058 546">
    <p class='ocr_par' dir='ltr' id='par_1_1' title="bbox 386 358 1530 550">
     <span class='ocr_line' id='line_1_1' title="bbox 386 484 1058 546; baseline 0.003 0"><span class='ocrx_word' id='word_1_1' title='bbox 386 487 442 546; x_wconf 80' lang='lat'>336</span> <span class='ocrx_word' id='word_1_2' title='bbox 761 484 1058 544; x_wconf 66' lang='lat' dir='ltr'>annotationes</span> 
     </span>
    </p>
   </div>
   <div class='ocr_carea' id='block_1_2' title="bbox 381 595 1538 3735">
    <p class='ocr_par' dir='ltr' id='par_1_2' title="bbox 383 595 1530 770">
     <span class='ocr_line' id='line_1_2' title="bbox 383 595 1530 680; baseline -0.002 -18"><span class='ocrx_word' id='word_1_3' title='bbox 383 610 459 678; x_wconf 84' lang='lat' dir='ltr'>Lege</span> <span class='ocrx_word' id='word_1_4' title='bbox 473 621 538 658; x_wconf 88' lang='lat' dir='ltr'>eum</span> <span class='ocrx_word' id='word_1_5' title='bbox 552 602 669 658; x_wconf 82' lang='lat' dir='ltr'>Bartliio</span> <span class='ocrx_word' id='word_1_6' title='bbox 689 619 724 658; x_wconf 85' lang='lat' dir='ltr'>ex</span> <span class='ocrx_word' id='word_1_7' title='bbox 734 604 789 658; x_wconf 80' lang='grc' dir='ltr'>ΜΒ</span> <span class='ocrx_word' id='word_1_8' title='bbox 805 623 812 657; x_wconf 90' lang='lat'>:</span> <span class='ocrx_word' id='word_1_9' title='bbox 828 627 840 652; x_wconf 70' lang='lat' dir='ltr'>s</span> <span class='ocrx_word' id='word_1_10' title='bbox 855 604 944 658; x_wconf 81' lang='lat' dir='ltr'>lloene</span> <span class='ocrx_word' id='word_1_11' title='bbox 960 605 1022 659; x_wconf 82' lang='lat' dir='ltr'>illoe</span> <span class='ocrx_word' id='word_1_12' title='bbox 1044 603 1145 676; x_wconf 80' lang='lat' dir='ltr'>Amph.</span> <span class='ocrx_word' id='word_1_13' title='bbox 1160 621 1204 673; x_wconf 88' lang='lat' dir='ltr'>a.,</span> <span class='ocrx_word' id='word_1_14' title='bbox 1215 628 1228 652; x_wconf 73' lang='lat' dir='ltr'>s</span> <span class='ocrx_word' id='word_1_15' title='bbox 1244 602 1363 678; x_wconf 79' lang='lat' dir='ltr'>qnibns</span> <span class='ocrx_word' id='word_1_16' title='bbox 1377 605 1451 680; x_wconf 79' lang='lat' dir='ltr'>glos·</span> <span class='ocrx_word' id='word_1_17' title='bbox 1529 595 1530 600; x_wconf 8' lang='grc' dir='ltr'>ἵ</span> 
     </span>
     <span class='ocr_line' id='line_1_3' title="bbox 385 695 1137 770; baseline -0.001 -18"><span class='ocrx_word' id='word_1_18' title='bbox 385 707 462 752; x_wconf 88' lang='lat' dir='ltr'>sator</span> <span class='ocrx_word' id='word_1_19' title='bbox 479 695 582 770; x_wconf 89' lang='lat' dir='ltr'>aliquis</span> <span class='ocrx_word' id='word_1_20' title='bbox 600 713 686 769; x_wconf 84' lang='lat' dir='ltr'>supra</span> <span class='ocrx_word' id='word_1_21' title='bbox 700 695 872 768; x_wconf 80' lang='lat' dir='ltr'>scripserat:</span> <span class='ocrx_word' id='word_1_22' title='bbox 890 720 905 746; x_wconf 74' lang='lat' dir='ltr'>c</span> <span class='ocrx_word' id='word_1_23' title='bbox 914 707 971 751; x_wconf 79' lang='lat' dir='ltr'>tarn</span> <span class='ocrx_word' id='word_1_24' title='bbox 985 695 1137 752; x_wconf 74' lang='lat' dir='ltr'>buiniles›</span> 
     </span>
    </p>

    <p class='ocr_par' dir='ltr' id='par_1_3' title="bbox 385 785 1449 956">
     <span class='ocr_line' id='line_1_4' title="bbox 425 785 1449 865; baseline -0.002 -21"><span class='ocrx_word' id='word_1_25' title='bbox 425 791 478 858; x_wconf 84' lang='lat' dir='ltr'>Et,</span> <span class='ocrx_word' id='word_1_26' title='bbox 487 789 663 844; x_wconf 79' lang='lat' dir='ltr'>mentitadtit</span> <span class='ocrx_word' id='word_1_27' title='bbox 680 785 717 864; x_wconf 81' lang='lat' dir='ltr'>(r.</span> <span class='ocrx_word' id='word_1_28' title='bbox 729 787 807 865; x_wconf 80' lang='lat'>875).</span> <span class='ocrx_word' id='word_1_29' title='bbox 818 789 889 844; x_wconf 85' lang='lat' dir='ltr'>MB:</span> <span class='ocrx_word' id='word_1_30' title='bbox 905 790 970 843; x_wconf 76' lang='lat' dir='ltr'>«Hi</span> <span class='ocrx_word' id='word_1_31' title='bbox 981 787 1100 844; x_wconf 88' lang='lat' dir='ltr'>mentita</span> <span class='ocrx_word' id='word_1_32' title='bbox 1111 789 1173 844; x_wconf 83' lang='lat' dir='ltr'>dies</span> <span class='ocrx_word' id='word_1_33' title='bbox 1179 811 1212 857; x_wconf 81' lang='grc' dir='ltr'>,ι</span> <span class='ocrx_word' id='word_1_34' title='bbox 1227 789 1311 845; x_wconf 87' lang='lat' dir='ltr'>nnde</span> <span class='ocrx_word' id='word_1_35' title='bbox 1326 791 1449 846; x_wconf 70' lang='lat' dir='ltr'>Baitia:</span> 
     </span>
     <span class='ocr_line' id='line_1_5' title="bbox 385 881 1106 956; baseline 0.001 -21"><span class='ocrx_word' id='word_1_36' title='bbox 385 907 400 935; x_wconf 80' lang='grc' dir='ltr'>ι</span> <span class='ocrx_word' id='word_1_37' title='bbox 411 885 452 938; x_wconf 83' lang='lat' dir='ltr'>Hi</span> <span class='ocrx_word' id='word_1_38' title='bbox 462 882 581 938; x_wconf 87' lang='lat' dir='ltr'>mentita</span> <span class='ocrx_word' id='word_1_39' title='bbox 594 883 679 948; x_wconf 87' lang='lat' dir='ltr'>deos,</span> <span class='ocrx_word' id='word_1_40' title='bbox 695 905 707 932; x_wconf 74' lang='grc' dir='ltr'>ι</span> <span class='ocrx_word' id='word_1_41' title='bbox 722 881 804 956; x_wconf 87' lang='lat' dir='ltr'>quod</span> <span class='ocrx_word' id='word_1_42' title='bbox 818 893 895 938; x_wconf 89' lang='lat' dir='ltr'>certe</span> <span class='ocrx_word' id='word_1_43' title='bbox 908 881 1106 938; x_wconf 79' lang='lat' dir='ltr'>necessatium.</span> 
     </span>
    </p>

    <p class='ocr_par' dir='ltr' id='par_1_4' title="bbox 383 971 1448 1234">
     <span class='ocr_line' id='line_1_6' title="bbox 424 971 1448 1052; baseline -0.001 -21"><span class='ocrx_word' id='word_1_44' title='bbox 424 977 465 1032; x_wconf 83' lang='lat' dir='ltr'>Et</span> <span class='ocrx_word' id='word_1_45' title='bbox 481 977 618 1049; x_wconf 72' lang='lat' dir='ltr'>qutilnom</span> <span class='ocrx_word' id='word_1_46' title='bbox 633 975 778 1049; x_wconf 57' lang='lat' dir='ltr'>egregium</span> <span class='ocrx_word' id='word_1_47' title='bbox 792 973 831 1050; x_wconf 82' lang='lat' dir='ltr'>(v.</span> <span class='ocrx_word' id='word_1_48' title='bbox 842 971 921 1052; x_wconf 82' lang='grc'>876).</span> <span class='ocrx_word' id='word_1_49' title='bbox 942 976 1018 1050; x_wconf 85' lang='lat' dir='ltr'>Lege</span> <span class='ocrx_word' id='word_1_50' title='bbox 1035 991 1071 1030; x_wconf 83' lang='lat' dir='ltr'>ex</span> <span class='ocrx_word' id='word_1_51' title='bbox 1088 974 1164 1048; x_wconf 86' lang='lat' dir='ltr'>eonj.</span> <span class='ocrx_word' id='word_1_52' title='bbox 1181 973 1308 1030; x_wconf 83' lang='lat' dir='ltr'>Bentleii</span> <span class='ocrx_word' id='word_1_53' title='bbox 1328 976 1371 1031; x_wconf 79' lang='lat' dir='ltr'>ad</span> <span class='ocrx_word' id='word_1_54' title='bbox 1390 977 1448 1030; x_wconf 83' lang='lat' dir='ltr'>Ho-</span> 
     </span>
     <span class='ocr_line' id='line_1_7' title="bbox 383 1064 1446 1142; baseline -0.002 -18"><span class='ocrx_word' id='word_1_55' title='bbox 383 1080 453 1138; x_wconf 68' lang='lat' dir='ltr'>rat,</span> <span class='ocrx_word' id='word_1_56' title='bbox 472 1069 542 1135; x_wconf 69' lang='lat' dir='ltr'>od„</span> <span class='ocrx_word' id='word_1_57' title='bbox 556 1085 612 1136; x_wconf 87' lang='grc' dir='ltr'>ιιι,</span> <span class='ocrx_word' id='word_1_58' title='bbox 630 1067 665 1136; x_wconf 83' lang='grc'>3,</span> <span class='ocrx_word' id='word_1_59' title='bbox 683 1065 736 1137; x_wconf 83' lang='grc'>65,</span> <span class='ocrx_word' id='word_1_60' title='bbox 753 1077 782 1122; x_wconf 89' lang='lat' dir='ltr'>et</span> <span class='ocrx_word' id='word_1_61' title='bbox 807 1067 883 1132; x_wconf 75' lang='lat' dir='ltr'>Sat,</span> <span class='ocrx_word' id='word_1_62' title='bbox 907 1085 945 1138; x_wconf 88' lang='grc' dir='ltr'>ιι,</span> <span class='ocrx_word' id='word_1_63' title='bbox 962 1064 990 1134; x_wconf 83' lang='grc'>3,</span> <span class='ocrx_word' id='word_1_64' title='bbox 1012 1065 1088 1123; x_wconf 74' lang='grc' dir='ltr'>ι83;</span> <span class='ocrx_word' id='word_1_65' title='bbox 1105 1069 1164 1122; x_wconf 77' lang='lat' dir='ltr'>«Et</span> <span class='ocrx_word' id='word_1_66' title='bbox 1185 1069 1259 1140; x_wconf 81' lang='lat' dir='ltr'>quid</span> <span class='ocrx_word' id='word_1_67' title='bbox 1277 1077 1343 1122; x_wconf 85' lang='lat' dir='ltr'>tam</span> <span class='ocrx_word' id='word_1_68' title='bbox 1367 1086 1446 1142; x_wconf 82' lang='lat' dir='ltr'>egr.-</span> 
     </span>
     <span class='ocr_line' id='line_1_8' title="bbox 383 1160 818 1234; baseline -0.016 -18"><span class='ocrx_word' id='word_1_69' title='bbox 383 1161 438 1216; x_wconf 88' lang='lat' dir='ltr'>MB</span> <span class='ocrx_word' id='word_1_70' title='bbox 456 1179 463 1214; x_wconf 90' lang='lat'><strong>:</strong></span> <span class='ocrx_word' id='word_1_71' title='bbox 484 1160 543 1216; x_wconf 79' lang='lat' dir='ltr'>«Et</span> <span class='ocrx_word' id='word_1_72' title='bbox 556 1160 626 1234; x_wconf 77' lang='lat' dir='ltr'>quid</span> <span class='ocrx_word' id='word_1_73' title='bbox 641 1161 717 1213; x_wconf 82' lang='lat' dir='ltr'>enim</span> <span class='ocrx_word' id='word_1_74' title='bbox 735 1177 818 1234; x_wconf 49' lang='lat' dir='ltr'>egra</span> 
     </span>
    </p>

    <p class='ocr_par' dir='ltr' id='par_1_5' title="bbox 382 1249 1446 1606">
     <span class='ocr_line' id='line_1_9' title="bbox 423 1249 1445 1330; baseline 0 -22"><span class='ocrx_word' id='word_1_75' title='bbox 423 1255 553 1309; x_wconf 81' lang='lat' dir='ltr'><em>Destruit</em></span> <span class='ocrx_word' id='word_1_76' title='bbox 573 1251 612 1330; x_wconf 89' lang='lat' dir='ltr'>(v.</span> <span class='ocrx_word' id='word_1_77' title='bbox 635 1249 715 1328; x_wconf 82' lang='lat'>879).</span> <span class='ocrx_word' id='word_1_78' title='bbox 735 1253 790 1308; x_wconf 87' lang='grc' dir='ltr'>ΜΒ</span> <span class='ocrx_word' id='word_1_79' title='bbox 806 1271 812 1306; x_wconf 93' lang='lat'><strong>:</strong></span> <span class='ocrx_word' id='word_1_80' title='bbox 830 1253 949 1316; x_wconf 80' lang='lat' dir='ltr'>Der-nit,</span> <span class='ocrx_word' id='word_1_81' title='bbox 964 1251 1032 1306; x_wconf 80' lang='lat' dir='ltr'>fort.</span> <span class='ocrx_word' id='word_1_82' title='bbox 1053 1271 1129 1308; x_wconf 84' lang='lat' dir='ltr'>vere.</span> <span class='ocrx_word' id='word_1_83' title='bbox 1149 1255 1194 1308; x_wconf 82' lang='lat' dir='ltr'>De</span> <span class='ocrx_word' id='word_1_84' title='bbox 1204 1254 1349 1326; x_wconf 80' lang='lat' dir='ltr'>pontibus</span> <span class='ocrx_word' id='word_1_85' title='bbox 1366 1256 1445 1329; x_wconf 79' lang='lat' dir='ltr'>glos-</span> 
     </span>
     <span class='ocr_line' id='line_1_10' title="bbox 383 1338 1446 1418; baseline 0.001 -17"><span class='ocrx_word' id='word_1_86' title='bbox 383 1356 482 1401; x_wconf 82' lang='lat' dir='ltr'>sator:</span> <span class='ocrx_word' id='word_1_87' title='bbox 498 1350 612 1401; x_wconf 72' lang='lat' dir='ltr'>«Areus</span> <span class='ocrx_word' id='word_1_88' title='bbox 630 1363 779 1400; x_wconf 87' lang='lat' dir='ltr'>murorum</span> <span class='ocrx_word' id='word_1_89' title='bbox 795 1343 865 1400; x_wconf 87' lang='lat' dir='ltr'>dicit</span> <span class='ocrx_word' id='word_1_90' title='bbox 880 1364 886 1398; x_wconf 94' lang='lat'><strong>:</strong></span> <span class='ocrx_word' id='word_1_91' title='bbox 901 1345 1092 1401; x_wconf 83' lang='lat' dir='ltr'>concamerati</span> <span class='ocrx_word' id='word_1_92' title='bbox 1106 1345 1182 1401; x_wconf 89' lang='lat' dir='ltr'>enirn</span> <span class='ocrx_word' id='word_1_93' title='bbox 1196 1338 1280 1418; x_wconf 86' lang='lat' dir='ltr'>sunt,</span> <span class='ocrx_word' id='word_1_94' title='bbox 1298 1356 1336 1401; x_wconf 88' lang='lat' dir='ltr'>ut</span> <span class='ocrx_word' id='word_1_95' title='bbox 1354 1349 1446 1402; x_wconf 81' lang='lat' dir='ltr'>solent</span> 
     </span>
     <span class='ocr_line' id='line_1_11' title="bbox 382 1435 1446 1516; baseline 0.003 -25"><span class='ocrx_word' id='word_1_96' title='bbox 382 1435 446 1492; x_wconf 86' lang='lat' dir='ltr'>fieri</span> <span class='ocrx_word' id='word_1_97' title='bbox 467 1436 508 1492; x_wconf 90' lang='lat' dir='ltr'>illi</span> <span class='ocrx_word' id='word_1_98' title='bbox 531 1436 638 1512; x_wconf 87' lang='lat' dir='ltr'>quibus</span> <span class='ocrx_word' id='word_1_99' title='bbox 654 1448 758 1511; x_wconf 91' lang='lat' dir='ltr'>pontes</span> <span class='ocrx_word' id='word_1_100' title='bbox 779 1437 1005 1512; x_wconf 73' lang='lat' dir='ltr'>imponuntur.»</span> <span class='ocrx_word' id='word_1_101' title='bbox 1026 1439 1122 1492; x_wconf 83' lang='lat' dir='ltr'><em>Frena</em></span> <span class='ocrx_word' id='word_1_102' title='bbox 1143 1450 1240 1494; x_wconf 85' lang='lat' dir='ltr'>autem</span> <span class='ocrx_word' id='word_1_103' title='bbox 1266 1459 1446 1516; x_wconf 73' lang='lat' dir='ltr'>ueompages</span> 
     </span>
     <span class='ocr_line' id='line_1_12' title="bbox 384 1529 1407 1606; baseline 0.003 -21"><span class='ocrx_word' id='word_1_104' title='bbox 384 1530 608 1604; x_wconf 77' lang='lat' dir='ltr'><strong>quadratorum,</strong></span> <span class='ocrx_word' id='word_1_105' title='bbox 625 1549 689 1604; x_wconf 77' lang='lat' dir='ltr'>qnae</span> <span class='ocrx_word' id='word_1_106' title='bbox 703 1529 905 1606; x_wconf 83' lang='lat' dir='ltr'>constringunt</span> <span class='ocrx_word' id='word_1_107' title='bbox 925 1541 954 1598; x_wconf 84' lang='lat' dir='ltr'>et</span> <span class='ocrx_word' id='word_1_108' title='bbox 973 1531 1122 1587; x_wconf 84' lang='lat' dir='ltr'>continent</span> <span class='ocrx_word' id='word_1_109' title='bbox 1138 1531 1378 1589; x_wconf 68' lang='lat' dir='ltr'>edificationem</span> <span class='ocrx_word' id='word_1_110' title='bbox 1395 1559 1407 1581; x_wconf 81' lang='grc' dir='ltr'>ι</span> 
     </span>
    </p>

    <p class='ocr_par' dir='ltr' id='par_1_6' title="bbox 1285 1627 1384 1682">
     <span class='ocr_line' id='line_1_13' title="bbox 1285 1627 1384 1682; baseline 0.02 -2"><span class='ocrx_word' id='word_1_111' title='bbox 1285 1627 1384 1682; x_wconf 70' lang='lat' dir='ltr'>Lacr.</span> 
     </span>
    </p>

    <p class='ocr_par' dir='ltr' id='par_1_7' title="bbox 381 1711 1536 2161">
     <span class='ocr_line' id='line_1_14' title="bbox 422 1711 1445 1792; baseline 0.005 -24"><span class='ocrx_word' id='word_1_112' title='bbox 422 1717 587 1770; x_wconf 79' lang='lat' dir='ltr'>Inservante</span> <span class='ocrx_word' id='word_1_113' title='bbox 610 1732 728 1768; x_wconf 81' lang='lat' dir='ltr'>noverea</span> <span class='ocrx_word' id='word_1_114' title='bbox 748 1711 787 1791; x_wconf 83' lang='lat' dir='ltr'>(v.</span> <span class='ocrx_word' id='word_1_115' title='bbox 809 1713 887 1788; x_wconf 82' lang='lat'>886).</span> <span class='ocrx_word' id='word_1_116' title='bbox 914 1714 1126 1771; x_wconf 61' lang='lat' dir='ltr'>«custodiente</span> <span class='ocrx_word' id='word_1_117' title='bbox 1148 1719 1284 1788; x_wconf 87' lang='lat' dir='ltr'>lunone,</span> <span class='ocrx_word' id='word_1_118' title='bbox 1307 1737 1349 1772; x_wconf 86' lang='lat' dir='ltr'>ne</span> <span class='ocrx_word' id='word_1_119' title='bbox 1375 1717 1445 1792; x_wconf 82' lang='lat' dir='ltr'>quid</span> 
     </span>
     <span class='ocr_line' id='line_1_15' title="bbox 382 1805 1443 1882; baseline 0.003 -20"><span class='ocrx_word' id='word_1_120' title='bbox 382 1826 439 1882; x_wconf 92' lang='lat' dir='ltr'>pro</span> <span class='ocrx_word' id='word_1_121' title='bbox 452 1805 559 1863; x_wconf 83' lang='lat' dir='ltr'>Thebis</span> <span class='ocrx_word' id='word_1_122' title='bbox 580 1806 688 1864; x_wconf 87' lang='lat' dir='ltr'>diceret</span> <span class='ocrx_word' id='word_1_123' title='bbox 708 1805 827 1863; x_wconf 82' lang='lat' dir='ltr'>Liber.»</span> <span class='ocrx_word' id='word_1_124' title='bbox 850 1807 938 1863; x_wconf 73' lang='lat' dir='ltr'>Lacr.</span> <span class='ocrx_word' id='word_1_125' title='bbox 956 1809 1084 1864; x_wconf 83' lang='lat' dir='ltr'>Gronov.</span> <span class='ocrx_word' id='word_1_126' title='bbox 1110 1829 1116 1862; x_wconf 95' lang='lat'>:</span> <span class='ocrx_word' id='word_1_127' title='bbox 1136 1810 1310 1866; x_wconf 86' lang='lat' dir='ltr'>‹Trucibus</span> <span class='ocrx_word' id='word_1_128' title='bbox 1333 1823 1365 1866; x_wconf 82' lang='lat' dir='ltr'>et</span> <span class='ocrx_word' id='word_1_129' title='bbox 1384 1812 1443 1866; x_wconf 88' lang='lat' dir='ltr'>sol-</span> 
     </span>
     <span class='ocr_line' id='line_1_16' title="bbox 382 1897 1443 1978; baseline 0.002 -23"><span class='ocrx_word' id='word_1_130' title='bbox 382 1899 466 1956; x_wconf 87' lang='lat' dir='ltr'>licitis</span> <span class='ocrx_word' id='word_1_131' title='bbox 482 1919 547 1954; x_wconf 88' lang='lat' dir='ltr'>eum</span> <span class='ocrx_word' id='word_1_132' title='bbox 562 1898 653 1956; x_wconf 87' lang='lat' dir='ltr'>oeulis</span> <span class='ocrx_word' id='word_1_133' title='bbox 669 1897 825 1978; x_wconf 70' lang='lat' dir='ltr'>denotante</span> <span class='ocrx_word' id='word_1_134' title='bbox 838 1909 867 1953; x_wconf 90' lang='lat' dir='ltr'>et</span> <span class='ocrx_word' id='word_1_135' title='bbox 881 1898 1044 1972; x_wconf 82' lang='lat' dir='ltr'>aspiciente.</span> <span class='ocrx_word' id='word_1_136' title='bbox 1054 1925 1066 1949; x_wconf 75' lang='grc' dir='ltr'><strong>υ</strong></span> <span class='ocrx_word' id='word_1_137' title='bbox 1084 1901 1176 1970; x_wconf 84' lang='lat' dir='ltr'>Quod</span> <span class='ocrx_word' id='word_1_138' title='bbox 1190 1902 1299 1957; x_wconf 85' lang='lat' dir='ltr'>eodem</span> <span class='ocrx_word' id='word_1_139' title='bbox 1314 1902 1443 1978; x_wconf 84' lang='lat' dir='ltr'>deniqne</span> 
     </span>
     <span class='ocr_line' id='line_1_17' title="bbox 382 1981 1536 2061; baseline 0 -13"><span class='ocrx_word' id='word_1_140' title='bbox 382 1993 465 2050; x_wconf 87' lang='lat' dir='ltr'>redit.</span> <span class='ocrx_word' id='word_1_141' title='bbox 485 1993 594 2048; x_wconf 91' lang='lat' dir='ltr'>Barthii</span> <span class='ocrx_word' id='word_1_142' title='bbox 616 2009 714 2048; x_wconf 84' lang='lat' dir='ltr'>ornnes</span> <span class='ocrx_word' id='word_1_143' title='bbox 736 2003 764 2048; x_wconf 91' lang='lat' dir='ltr'>et</span> <span class='ocrx_word' id='word_1_144' title='bbox 784 1991 854 2047; x_wconf 87' lang='lat' dir='ltr'>alii:</span> <span class='ocrx_word' id='word_1_145' title='bbox 874 1991 1029 2061; x_wconf 74' lang='lat' dir='ltr'>ensestnnte</span> <span class='ocrx_word' id='word_1_146' title='bbox 1038 2013 1049 2059; x_wconf 90' lang='lat'>,·</span> <span class='ocrx_word' id='word_1_147' title='bbox 1070 2013 1097 2047; x_wconf 85' lang='lat' dir='ltr'>v.</span> <span class='ocrx_word' id='word_1_148' title='bbox 1116 1997 1134 2048; x_wconf 90' lang='lat' dir='ltr'>l.</span> <span class='ocrx_word' id='word_1_149' title='bbox 1158 1995 1188 2049; x_wconf 92' lang='lat' dir='ltr'>in</span> <span class='ocrx_word' id='word_1_150' title='bbox 1208 1995 1314 2050; x_wconf 88' lang='lat' dir='ltr'>Behot.</span> <span class='ocrx_word' id='word_1_151' title='bbox 1344 2015 1356 2049; x_wconf 94' lang='grc' dir='ltr'>ι</span> <span class='ocrx_word' id='word_1_152' title='bbox 1375 2016 1384 2048; x_wconf 92' lang='lat'><strong>:</strong></span> <span class='ocrx_word' id='word_1_153' title='bbox 1400 1997 1443 2048; x_wconf 83' lang='lat' dir='ltr'>in-</span> <span class='ocrx_word' id='word_1_154' title='bbox 1535 1981 1536 1994; x_wconf 41' lang='lat'>¹</span> 
     </span>
     <span class='ocr_line' id='line_1_18' title="bbox 381 2084 1095 2161; baseline 0 -21"><span class='ocrx_word' id='word_1_155' title='bbox 381 2098 531 2160; x_wconf 79' lang='lat' dir='ltr'>spectante.</span> <span class='ocrx_word' id='word_1_156' title='bbox 553 2085 636 2160; x_wconf 81' lang='lat' dir='ltr'>Regii</span> <span class='ocrx_word' id='word_1_157' title='bbox 650 2084 768 2140; x_wconf 85' lang='lat' dir='ltr'>fortasse</span> <span class='ocrx_word' id='word_1_158' title='bbox 784 2094 912 2140; x_wconf 86' lang='lat' dir='ltr'>nostram</span> <span class='ocrx_word' id='word_1_159' title='bbox 926 2096 1095 2161; x_wconf 75' lang='lat' dir='ltr'>agnoscunt„</span> 
     </span>
    </p>

    <p class='ocr_par' dir='ltr' id='par_1_8' title="bbox 381 2159 1538 2532">
     <span class='ocr_line' id='line_1_19' title="bbox 423 2159 1442 2253; baseline 0 -20"><span class='ocrx_word' id='word_1_160' title='bbox 423 2183 529 2233; x_wconf 84' lang='lat' dir='ltr'>Auctor</span> <span class='ocrx_word' id='word_1_161' title='bbox 544 2179 645 2252; x_wconf 83' lang='lat' dir='ltr'><em>Apollo</em></span> <span class='ocrx_word' id='word_1_162' title='bbox 660 2173 699 2253; x_wconf 85' lang='lat' dir='ltr'>(v.</span> <span class='ocrx_word' id='word_1_163' title='bbox 719 2173 798 2253; x_wconf 79' lang='lat'><strong>889).</strong></span> <span class='ocrx_word' id='word_1_164' title='bbox 814 2177 910 2246; x_wconf 68' lang='lat' dir='ltr'>«Quia</span> <span class='ocrx_word' id='word_1_165' title='bbox 924 2177 1068 2249; x_wconf 80' lang='lat' dir='ltr'>Apollinis</span> <span class='ocrx_word' id='word_1_166' title='bbox 1082 2178 1231 2232; x_wconf 88' lang='lat' dir='ltr'>oraculum</span> <span class='ocrx_word' id='word_1_167' title='bbox 1245 2159 1380 2233; x_wconf 59' lang='lat' dir='ltr'>OEdsnus</span> <span class='ocrx_word' id='word_1_168' title='bbox 1398 2197 1442 2233; x_wconf 83' lang='lat' dir='ltr'>se-</span> 
     </span>
     <span class='ocr_line' id='line_1_20' title="bbox 384 2267 1443 2342; baseline -0.003 -16"><span class='ocrx_word' id='word_1_169' title='bbox 384 2281 466 2328; x_wconf 87' lang='lat' dir='ltr'>cutus</span> <span class='ocrx_word' id='word_1_170' title='bbox 490 2267 640 2326; x_wconf 71' lang='lat' dir='ltr'>aedificavit</span> <span class='ocrx_word' id='word_1_171' title='bbox 662 2269 784 2325; x_wconf 85' lang='lat' dir='ltr'>Thebas.</span> <span class='ocrx_word' id='word_1_172' title='bbox 798 2292 813 2320; x_wconf 75' lang='lat' dir='ltr'>s</span> <span class='ocrx_word' id='word_1_173' title='bbox 836 2271 924 2324; x_wconf 71' lang='lat' dir='ltr'>Lacr.</span> <span class='ocrx_word' id='word_1_174' title='bbox 953 2299 993 2310; x_wconf 89' lang='lat'><em>-</em></span> <span class='ocrx_word' id='word_1_175' title='bbox 1014 2268 1092 2324; x_wconf 89' lang='lat' dir='ltr'>Idem</span> <span class='ocrx_word' id='word_1_176' title='bbox 1114 2269 1238 2342; x_wconf 84' lang='lat' dir='ltr'>explicat</span> <span class='ocrx_word' id='word_1_177' title='bbox 1261 2288 1318 2326; x_wconf 86' lang='lat' dir='ltr'>cnr</span> <span class='ocrx_word' id='word_1_178' title='bbox 1335 2271 1443 2324; x_wconf 76' lang='lat' dir='ltr'>dubitet</span> 
     </span>
     <span class='ocr_line' id='line_1_21' title="bbox 381 2359 1440 2437; baseline -0.005 -18"><span class='ocrx_word' id='word_1_179' title='bbox 381 2363 535 2434; x_wconf 86' lang='lat' dir='ltr'>Hercules,</span> <span class='ocrx_word' id='word_1_180' title='bbox 552 2373 586 2417; x_wconf 89' lang='lat' dir='ltr'>ut</span> <span class='ocrx_word' id='word_1_181' title='bbox 612 2361 649 2428; x_wconf 86' lang='lat' dir='ltr'>ab</span> <span class='ocrx_word' id='word_1_182' title='bbox 668 2361 766 2437; x_wconf 80' lang='lat' dir='ltr'>argiva</span> <span class='ocrx_word' id='word_1_183' title='bbox 790 2359 915 2436; x_wconf 86' lang='lat' dir='ltr'>origine,</span> <span class='ocrx_word' id='word_1_184' title='bbox 937 2372 1061 2434; x_wconf 86' lang='lat' dir='ltr'>propter</span> <span class='ocrx_word' id='word_1_185' title='bbox 1081 2363 1232 2430; x_wconf 82' lang='lat' dir='ltr'>Perseum,</span> <span class='ocrx_word' id='word_1_186' title='bbox 1252 2372 1285 2416; x_wconf 89' lang='lat' dir='ltr'>et</span> <span class='ocrx_word' id='word_1_187' title='bbox 1307 2363 1440 2417; x_wconf 83' lang='lat' dir='ltr'>Thebani</span> 
     </span>
     <span class='ocr_line' id='line_1_22' title="bbox 382 2455 1538 2532; baseline -0.005 -21"><span class='ocrx_word' id='word_1_188' title='bbox 382 2455 515 2511; x_wconf 85' lang='lat' dir='ltr'>Creontis</span> <span class='ocrx_word' id='word_1_189' title='bbox 529 2456 568 2511; x_wconf 93' lang='lat' dir='ltr'>ob</span> <span class='ocrx_word' id='word_1_190' title='bbox 582 2457 730 2531; x_wconf 86' lang='lat' dir='ltr'>Megaram</span> <span class='ocrx_word' id='word_1_191' title='bbox 743 2473 863 2509; x_wconf 86' lang='lat' dir='ltr'>uxorem</span> <span class='ocrx_word' id='word_1_192' title='bbox 878 2472 975 2528; x_wconf 80' lang='lat' dir='ltr'>gener.</span> <span class='ocrx_word' id='word_1_193' title='bbox 1537 2529 1538 2532; x_wconf 7' lang='grc' dir='ltr'><strong>Ἴ</strong></span> 
     </span>
    </p>

    <p class='ocr_par' dir='ltr' id='par_1_9' title="bbox 382 2543 1442 2714">
     <span class='ocr_line' id='line_1_23' title="bbox 427 2543 1442 2624; baseline -0.001 -22"><span class='ocrx_word' id='word_1_194' title='bbox 427 2549 584 2604; x_wconf 78' lang='lat' dir='ltr'>Thalamos</span> <span class='ocrx_word' id='word_1_195' title='bbox 607 2549 774 2602; x_wconf 76' lang='lat' dir='ltr'>exscindere</span> <span class='ocrx_word' id='word_1_196' title='bbox 796 2547 899 2602; x_wconf 82' lang='lat' dir='ltr'>Cadmi</span> <span class='ocrx_word' id='word_1_197' title='bbox 916 2545 959 2620; x_wconf 81' lang='lat' dir='ltr'>(v.</span> <span class='ocrx_word' id='word_1_198' title='bbox 976 2543 1055 2624; x_wconf 85' lang='lat'>906).</span> <span class='ocrx_word' id='word_1_199' title='bbox 1072 2547 1119 2602; x_wconf 88' lang='lat' dir='ltr'>Sic</span> <span class='ocrx_word' id='word_1_200' title='bbox 1139 2545 1249 2602; x_wconf 78' lang='lat' dir='ltr'>edimm</span> <span class='ocrx_word' id='word_1_201' title='bbox 1276 2565 1316 2601; x_wconf 86' lang='lat' dir='ltr'>ex</span> <span class='ocrx_word' id='word_1_202' title='bbox 1339 2547 1398 2602; x_wconf 77' lang='grc' dir='ltr'>ΜΒ</span> <span class='ocrx_word' id='word_1_203' title='bbox 1418 2559 1442 2601; x_wconf 87' lang='lat' dir='ltr'>et</span> 
     </span>
     <span class='ocr_line' id='line_1_24' title="bbox 382 2638 1021 2714; baseline -0.003 -18"><span class='ocrx_word' id='word_1_204' title='bbox 382 2641 496 2714; x_wconf 88' lang='lat' dir='ltr'>paucis,</span> <span class='ocrx_word' id='word_1_205' title='bbox 510 2651 543 2695; x_wconf 88' lang='lat' dir='ltr'>ut</span> <span class='ocrx_word' id='word_1_206' title='bbox 562 2639 686 2708; x_wconf 81' lang='lat' dir='ltr'>videtur,</span> <span class='ocrx_word' id='word_1_207' title='bbox 702 2638 771 2694; x_wconf 88' lang='lat' dir='ltr'>aliis.</span> <span class='ocrx_word' id='word_1_208' title='bbox 788 2639 903 2695; x_wconf 89' lang='lat' dir='ltr'>Ceteri:</span> <span class='ocrx_word' id='word_1_209' title='bbox 921 2651 1021 2694; x_wconf 79' lang='lat' dir='ltr'>tnrres.</span> 
     </span>
    </p>

    <p class='ocr_par' dir='ltr' id='par_1_10' title="bbox 427 2728 1278 2809">
     <span class='ocr_line' id='line_1_25' title="bbox 427 2728 1278 2809; baseline -0.005 -22"><span class='ocrx_word' id='word_1_210' title='bbox 427 2733 484 2787; x_wconf 85' lang='lat' dir='ltr'>Nec</span> <span class='ocrx_word' id='word_1_211' title='bbox 493 2732 560 2802; x_wconf 82' lang='lat' dir='ltr'>jam</span> <span class='ocrx_word' id='word_1_212' title='bbox 580 2728 620 2809; x_wconf 88' lang='lat' dir='ltr'>(v.</span> <span class='ocrx_word' id='word_1_213' title='bbox 638 2731 717 2806; x_wconf 78' lang='lat'>912).</span> <span class='ocrx_word' id='word_1_214' title='bbox 735 2733 821 2786; x_wconf 85' lang='lat' dir='ltr'>Deest</span> <span class='ocrx_word' id='word_1_215' title='bbox 840 2732 868 2786; x_wconf 86' lang='lat' dir='ltr'>h.</span> <span class='ocrx_word' id='word_1_216' title='bbox 885 2751 911 2785; x_wconf 88' lang='lat' dir='ltr'>v.</span> <span class='ocrx_word' id='word_1_217' title='bbox 930 2730 960 2785; x_wconf 94' lang='lat' dir='ltr'>in</span> <span class='ocrx_word' id='word_1_218' title='bbox 976 2733 1031 2786; x_wconf 81' lang='lat' dir='ltr'>Mn</span> <span class='ocrx_word' id='word_1_219' title='bbox 1047 2741 1075 2786; x_wconf 90' lang='lat' dir='ltr'>et</span> <span class='ocrx_word' id='word_1_220' title='bbox 1089 2731 1145 2786; x_wconf 89' lang='lat' dir='ltr'>alio</span> <span class='ocrx_word' id='word_1_221' title='bbox 1159 2729 1278 2785; x_wconf 85' lang='lat' dir='ltr'>Barthii.</span> 
     </span>
    </p>

    <p class='ocr_par' dir='ltr' id='par_1_11' title="bbox 381 2821 1438 3087">
     <span class='ocr_line' id='line_1_26' title="bbox 420 2821 1438 2901; baseline -0.004 -20"><span class='ocrx_word' id='word_1_222' title='bbox 420 2825 515 2881; x_wconf 80' lang='lat' dir='ltr'>Dubio</span> <span class='ocrx_word' id='word_1_223' title='bbox 535 2843 594 2899; x_wconf 82' lang='lat' dir='ltr'>pm</span> <span class='ocrx_word' id='word_1_224' title='bbox 605 2821 733 2896; x_wconf 83' lang='lat' dir='ltr'>fulmine</span> <span class='ocrx_word' id='word_1_225' title='bbox 745 2825 875 2898; x_wconf 87' lang='lat' dir='ltr'>pendent</span> <span class='ocrx_word' id='word_1_226' title='bbox 888 2827 926 2899; x_wconf 87' lang='lat' dir='ltr'>(v.</span> <span class='ocrx_word' id='word_1_227' title='bbox 947 2823 1028 2901; x_wconf 81' lang='lat'>920).</span> <span class='ocrx_word' id='word_1_228' title='bbox 1052 2823 1285 2896; x_wconf 75' lang='lat' dir='ltr'>«Desperatione</span> <span class='ocrx_word' id='word_1_229' title='bbox 1314 2823 1438 2878; x_wconf 79' lang='lat' dir='ltr'>bshninis</span> 
     </span>
     <span class='ocr_line' id='line_1_27' title="bbox 382 2914 1437 2987; baseline -0.001 -15"><span class='ocrx_word' id='word_1_230' title='bbox 382 2915 496 2972; x_wconf 90' lang='lat' dir='ltr'>solliciti</span> <span class='ocrx_word' id='word_1_231' title='bbox 510 2926 591 2987; x_wconf 90' lang='lat' dir='ltr'>sunt;</span> <span class='ocrx_word' id='word_1_232' title='bbox 608 2916 640 2971; x_wconf 89' lang='lat' dir='ltr'>id</span> <span class='ocrx_word' id='word_1_233' title='bbox 655 2927 710 2986; x_wconf 90' lang='lat' dir='ltr'>est,</span> <span class='ocrx_word' id='word_1_234' title='bbox 729 2915 829 2972; x_wconf 88' lang='lat' dir='ltr'>timent</span> <span class='ocrx_word' id='word_1_235' title='bbox 848 2935 885 2972; x_wconf 88' lang='lat' dir='ltr'>ne</span> <span class='ocrx_word' id='word_1_236' title='bbox 901 2935 962 2972; x_wconf 91' lang='lat' dir='ltr'>non</span> <span class='ocrx_word' id='word_1_237' title='bbox 982 2917 1076 2972; x_wconf 83' lang='lat' dir='ltr'>valeat</span> <span class='ocrx_word' id='word_1_238' title='bbox 1092 2915 1200 2970; x_wconf 81' lang='lat' dir='ltr'>fulmen</span> <span class='ocrx_word' id='word_1_239' title='bbox 1216 2914 1369 2987; x_wconf 82' lang='lat' dir='ltr'>perimere</span> <span class='ocrx_word' id='word_1_240' title='bbox 1384 2918 1437 2971; x_wconf 75' lang='lat' dir='ltr'>ea-</span> 
     </span>
     <span class='ocr_line' id='line_1_28' title="bbox 381 3010 936 3087; baseline -0.005 -21"><span class='ocrx_word' id='word_1_241' title='bbox 381 3027 515 3087; x_wconf 86' lang='lat' dir='ltr'>panenm.</span> <span class='ocrx_word' id='word_1_242' title='bbox 524 3033 540 3060; x_wconf 75' lang='lat' dir='ltr'>s</span> <span class='ocrx_word' id='word_1_243' title='bbox 554 3010 640 3064; x_wconf 77' lang='lat' dir='ltr'>Liar.</span> <span class='ocrx_word' id='word_1_244' title='bbox 651 3010 721 3078; x_wconf 88' lang='grc' dir='ltr'>ΜΒ,</span> <span class='ocrx_word' id='word_1_245' title='bbox 736 3010 804 3063; x_wconf 88' lang='lat' dir='ltr'>PR:</span> <span class='ocrx_word' id='word_1_246' title='bbox 816 3010 936 3081; x_wconf 88' lang='lat' dir='ltr'>pallent.</span> 
     </span>
    </p>

    <p class='ocr_par' dir='ltr' id='par_1_12' title="bbox 383 3095 1442 3454">
     <span class='ocr_line' id='line_1_29' title="bbox 424 3095 1441 3176; baseline -0.006 -18"><span class='ocrx_word' id='word_1_247' title='bbox 424 3106 507 3159; x_wconf 81' lang='lat' dir='ltr'>Intra</span> <span class='ocrx_word' id='word_1_248' title='bbox 518 3121 577 3157; x_wconf 88' lang='lat' dir='ltr'>se...</span> <span class='ocrx_word' id='word_1_249' title='bbox 593 3111 697 3156; x_wconf 83' lang='lat' dir='ltr'>tractat</span> <span class='ocrx_word' id='word_1_250' title='bbox 714 3095 754 3175; x_wconf 85' lang='lat' dir='ltr'>(v.</span> <span class='ocrx_word' id='word_1_251' title='bbox 774 3097 932 3176; x_wconf 72' lang='lat'>932-934).</span> <span class='ocrx_word' id='word_1_252' title='bbox 949 3100 1063 3155; x_wconf 83' lang='lat' dir='ltr'>Absunt</span> <span class='ocrx_word' id='word_1_253' title='bbox 1082 3099 1111 3153; x_wconf 89' lang='lat' dir='ltr'>hi</span> <span class='ocrx_word' id='word_1_254' title='bbox 1126 3117 1223 3154; x_wconf 82' lang='lat' dir='ltr'>versus</span> <span class='ocrx_word' id='word_1_255' title='bbox 1244 3099 1283 3153; x_wconf 86' lang='lat' dir='ltr'>ab</span> <span class='ocrx_word' id='word_1_256' title='bbox 1305 3099 1441 3153; x_wconf 69' lang='lat' dir='ltr'>omnibus</span> 
     </span>
     <span class='ocr_line' id='line_1_30' title="bbox 384 3191 1442 3268; baseline -0.007 -15"><span class='ocrx_word' id='word_1_257' title='bbox 384 3195 542 3254; x_wconf 83' lang='lat' dir='ltr'>Barthianis</span> <span class='ocrx_word' id='word_1_258' title='bbox 556 3206 585 3250; x_wconf 92' lang='lat' dir='ltr'>et</span> <span class='ocrx_word' id='word_1_259' title='bbox 601 3192 732 3268; x_wconf 87' lang='lat' dir='ltr'>plurimis</span> <span class='ocrx_word' id='word_1_260' title='bbox 745 3192 882 3263; x_wconf 87' lang='lat' dir='ltr'>aliorum,</span> <span class='ocrx_word' id='word_1_261' title='bbox 897 3202 930 3247; x_wconf 89' lang='lat' dir='ltr'>ut</span> <span class='ocrx_word' id='word_1_262' title='bbox 943 3194 1054 3266; x_wconf 89' lang='lat' dir='ltr'>quique</span> <span class='ocrx_word' id='word_1_263' title='bbox 1071 3191 1249 3248; x_wconf 82' lang='lat' dir='ltr'>vetustiores.</span> <span class='ocrx_word' id='word_1_264' title='bbox 1260 3192 1362 3265; x_wconf 81' lang='lat' dir='ltr'>lnepti</span> <span class='ocrx_word' id='word_1_265' title='bbox 1377 3205 1442 3248; x_wconf 83' lang='lat' dir='ltr'>sunt</span> 
     </span>
     <span class='ocr_line' id='line_1_31' title="bbox 384 3271 1440 3358; baseline -0.007 -13"><span class='ocrx_word' id='word_1_266' title='bbox 384 3299 413 3345; x_wconf 91' lang='lat' dir='ltr'>et</span> <span class='ocrx_word' id='word_1_267' title='bbox 428 3289 474 3344; x_wconf 84' lang='lat' dir='ltr'>vel</span> <span class='ocrx_word' id='word_1_268' title='bbox 496 3285 580 3344; x_wconf 84' lang='lat' dir='ltr'>Statii</span> <span class='ocrx_word' id='word_1_269' title='bbox 600 3284 785 3355; x_wconf 81' lang='lat' dir='ltr'>inventione,</span> <span class='ocrx_word' id='word_1_270' title='bbox 802 3303 874 3356; x_wconf 79' lang='lat' dir='ltr'>saepe</span> <span class='ocrx_word' id='word_1_271' title='bbox 893 3271 993 3340; x_wconf 75' lang='lat' dir='ltr'>eornm</span> <span class='ocrx_word' id='word_1_272' title='bbox 1015 3303 1079 3358; x_wconf 82' lang='lat' dir='ltr'>quae</span> <span class='ocrx_word' id='word_1_273' title='bbox 1104 3284 1153 3338; x_wconf 83' lang='lat' dir='ltr'>vix</span> <span class='ocrx_word' id='word_1_274' title='bbox 1172 3281 1314 3357; x_wconf 84' lang='lat' dir='ltr'>cogitari,</span> <span class='ocrx_word' id='word_1_275' title='bbox 1332 3283 1440 3338; x_wconf 78' lang='lat' dir='ltr'>nedum</span> 
     </span>
     <span class='ocr_line' id='line_1_32' title="bbox 383 3375 953 3454; baseline -0.007 -18"><span class='ocrx_word' id='word_1_276' title='bbox 383 3381 446 3438; x_wconf 86' lang='lat' dir='ltr'>lieri</span> <span class='ocrx_word' id='word_1_277' title='bbox 463 3389 599 3454; x_wconf 89' lang='lat' dir='ltr'>possunt,</span> <span class='ocrx_word' id='word_1_278' title='bbox 612 3377 819 3452; x_wconf 87' lang='lat' dir='ltr'>procreatrice,</span> <span class='ocrx_word' id='word_1_279' title='bbox 833 3375 953 3452; x_wconf 82' lang='lat' dir='ltr'>indigni.</span> 
     </span>
    </p>

    <p class='ocr_par' dir='ltr' id='par_1_13' title="bbox 426 3467 1313 3546">
     <span class='ocr_line' id='line_1_33' title="bbox 426 3467 1313 3546; baseline -0.008 -17"><span class='ocrx_word' id='word_1_280' title='bbox 426 3473 555 3530; x_wconf 81' lang='lat' dir='ltr'>Anhelat</span> <span class='ocrx_word' id='word_1_281' title='bbox 569 3471 606 3546; x_wconf 81' lang='lat' dir='ltr'>(v.</span> <span class='ocrx_word' id='word_1_282' title='bbox 624 3468 704 3546; x_wconf 80' lang='lat'>935).</span> <span class='ocrx_word' id='word_1_283' title='bbox 727 3469 799 3526; x_wconf 81' lang='lat' dir='ltr'>eod.</span> <span class='ocrx_word' id='word_1_284' title='bbox 815 3467 972 3525; x_wconf 79' lang='lat' dir='ltr'>lindenbr.</span> <span class='ocrx_word' id='word_1_285' title='bbox 987 3478 1015 3524; x_wconf 88' lang='lat' dir='ltr'>et</span> <span class='ocrx_word' id='word_1_286' title='bbox 1026 3471 1100 3544; x_wconf 73' lang='lat' dir='ltr'>lleg.</span> <span class='ocrx_word' id='word_1_287' title='bbox 1121 3487 1130 3522; x_wconf 85' lang='lat'>1</span> <span class='ocrx_word' id='word_1_288' title='bbox 1150 3467 1313 3522; x_wconf 69' lang='lat' dir='ltr'>:adhaesit</span> 
     </span>
    </p>

    <p class='ocr_par' dir='ltr' id='par_1_14' title="bbox 384 3557 1441 3735">
     <span class='ocr_line' id='line_1_34' title="bbox 425 3557 1441 3638; baseline -0.004 -18"><span class='ocrx_word' id='word_1_289' title='bbox 425 3567 543 3621; x_wconf 84' lang='lat' dir='ltr'>Fulmen</span> <span class='ocrx_word' id='word_1_290' title='bbox 557 3565 692 3618; x_wconf 79' lang='lat' dir='ltr'>meruisse</span> <span class='ocrx_word' id='word_1_291' title='bbox 707 3563 859 3618; x_wconf 80' lang='lat' dir='ltr'>secundnm</span> <span class='ocrx_word' id='word_1_292' title='bbox 873 3559 912 3638; x_wconf 87' lang='lat' dir='ltr'>(v.</span> <span class='ocrx_word' id='word_1_293' title='bbox 935 3557 1015 3637; x_wconf 81' lang='lat'>939).</span> <span class='ocrx_word' id='word_1_294' title='bbox 1029 3561 1085 3615; x_wconf 84' lang='grc' dir='ltr'>ΜΒ</span> <span class='ocrx_word' id='word_1_295' title='bbox 1109 3573 1138 3616; x_wconf 90' lang='lat' dir='ltr'>et</span> <span class='ocrx_word' id='word_1_296' title='bbox 1152 3561 1224 3616; x_wconf 85' lang='lat' dir='ltr'>alius</span> <span class='ocrx_word' id='word_1_297' title='bbox 1238 3560 1354 3628; x_wconf 63' lang='lat' dir='ltr'>Baris,</span> <span class='ocrx_word' id='word_1_298' title='bbox 1378 3579 1441 3616; x_wconf 80' lang='lat' dir='ltr'>cuni</span> 
     </span>
     <span class='ocr_line' id='line_1_35' title="bbox 384 3658 806 3735; baseline -0.017 -20"><span class='ocrx_word' id='word_1_299' title='bbox 384 3661 455 3735; x_wconf 72' lang='lat' dir='ltr'>lieg.</span> <span class='ocrx_word' id='word_1_300' title='bbox 474 3677 486 3713; x_wconf 87' lang='lat'>1</span> <span class='ocrx_word' id='word_1_301' title='bbox 504 3679 511 3711; x_wconf 74' lang='grc' dir='ltr'>ε</span> <span class='ocrx_word' id='word_1_302' title='bbox 526 3658 571 3712; x_wconf 73' lang='lat' dir='ltr'>«f.</span> <span class='ocrx_word' id='word_1_303' title='bbox 590 3674 707 3731; x_wconf 75' lang='lat' dir='ltr'>sperare</span> <span class='ocrx_word' id='word_1_304' title='bbox 721 3673 806 3728; x_wconf 65' lang='lat' dir='ltr'>seon</span> 
     </span>
    </p>
   </div>
   <div class='ocr_carea' id='block_1_3' title="bbox 767 3841 1049 3898">
    <p class='ocr_par' dir='ltr' id='par_1_15' title="bbox 767 3841 1049 3898">
     <span class='ocr_line' id='line_1_36' title="bbox 767 3841 1049 3898; baseline -0.007 -2"><span class='ocrx_word' id='word_1_305' title='bbox 767 3842 809 3896; x_wconf 78' lang='grc' dir='ltr'>ΙΝ</span> <span class='ocrx_word' id='word_1_306' title='bbox 828 3842 976 3898; x_wconf 79' lang='lat' dir='ltr'><strong>LIBRUM</strong></span> <span class='ocrx_word' id='word_1_307' title='bbox 997 3841 1049 3896; x_wconf 81' lang='lat' dir='ltr'>x1.</span> 
     </span>
    </p>
   </div>
   <div class='ocr_carea' id='block_1_4' title="bbox 290 3985 1442 4183">
    <p class='ocr_par' dir='ltr' id='par_1_16' title="bbox 290 3985 1442 4183">
     <span class='ocr_line' id='line_1_37' title="bbox 426 3985 1442 4094; baseline -0.009 -19"><span class='ocrx_word' id='word_1_308' title='bbox 426 4018 557 4089; x_wconf 85' lang='lat' dir='ltr'>Neejnm</span> <span class='ocrx_word' id='word_1_309' title='bbox 570 3985 665 4073; x_wconf 76' lang='lat' dir='ltr'>nostes</span> <span class='ocrx_word' id='word_1_310' title='bbox 683 4030 782 4073; x_wconf 73' lang='lat' dir='ltr'>ninnoe</span> <span class='ocrx_word' id='word_1_311' title='bbox 797 4013 836 4094; x_wconf 86' lang='lat' dir='ltr'>(v.</span> <span class='ocrx_word' id='word_1_312' title='bbox 858 4014 914 4092; x_wconf 83' lang='grc' dir='ltr'>ιιι).</span> <span class='ocrx_word' id='word_1_313' title='bbox 930 4015 976 4071; x_wconf 89' lang='lat' dir='ltr'>Sic</span> <span class='ocrx_word' id='word_1_314' title='bbox 996 4015 1060 4082; x_wconf 82' lang='lat' dir='ltr'>PR,</span> <span class='ocrx_word' id='word_1_315' title='bbox 1080 4022 1153 4068; x_wconf 91' lang='lat' dir='ltr'>noto</span> <span class='ocrx_word' id='word_1_316' title='bbox 1168 4009 1312 4086; x_wconf 70' lang='lat' dir='ltr'>loquendi</span> <span class='ocrx_word' id='word_1_317' title='bbox 1328 4029 1442 4085; x_wconf 80' lang='lat' dir='ltr'>genere.</span> 
     </span>
     <span class='ocr_line' id='line_1_38' title="bbox 290 4104 1441 4183; baseline -0.013 -14"><span class='ocrx_word' id='word_1_318' title='bbox 290 4140 294 4148; x_wconf 86' lang='lat'><em>·</em></span> <span class='ocrx_word' id='word_1_319' title='bbox 385 4113 483 4168; x_wconf 87' lang='lat' dir='ltr'>Plures</span> <span class='ocrx_word' id='word_1_320' title='bbox 502 4110 550 4167; x_wconf 86' lang='lat' dir='ltr'>alii</span> <span class='ocrx_word' id='word_1_321' title='bbox 568 4109 650 4181; x_wconf 89' lang='lat' dir='ltr'>libri,</span> <span class='ocrx_word' id='word_1_322' title='bbox 665 4109 740 4164; x_wconf 88' lang='lat' dir='ltr'>inter</span> <span class='ocrx_word' id='word_1_323' title='bbox 753 4126 827 4183; x_wconf 90' lang='lat' dir='ltr'>qnos</span> <span class='ocrx_word' id='word_1_324' title='bbox 847 4105 950 4182; x_wconf 87' lang='lat' dir='ltr'>optimi</span> <span class='ocrx_word' id='word_1_325' title='bbox 966 4127 972 4161; x_wconf 94' lang='lat'><strong>:</strong></span> <span class='ocrx_word' id='word_1_326' title='bbox 987 4130 1002 4158; x_wconf 85' lang='grc' dir='ltr'>ι</span> <span class='ocrx_word' id='word_1_327' title='bbox 1012 4107 1072 4162; x_wconf 84' lang='lat' dir='ltr'>Neo</span> <span class='ocrx_word' id='word_1_328' title='bbox 1085 4105 1142 4177; x_wconf 82' lang='lat' dir='ltr'>jain</span> <span class='ocrx_word' id='word_1_329' title='bbox 1162 4104 1282 4160; x_wconf 29' lang='lat' dir='ltr'>hoestiles</span> <span class='ocrx_word' id='word_1_330' title='bbox 1298 4113 1418 4172; x_wconf 72' lang='lat' dir='ltr'>tumn,</span> <span class='ocrx_word' id='word_1_331' title='bbox 1428 4127 1441 4154; x_wconf 74' lang='grc' dir='ltr'>ι</span> 
     </span>
    </p>
   </div>
   <div class='ocr_carea' id='block_1_5' title="bbox 0 0 1544 5136">
    <p class='ocr_par' dir='ltr' id='par_1_17' title="bbox 0 0 1544 5136">
     <span class='ocr_line' id='line_1_39' title="bbox 0 0 1544 5136; baseline 0 1"><span class='ocrx_word' id='word_1_332' title='bbox 0 0 1544 5136; x_wconf 95' lang='lat' dir='ltr'> </span> 
     </span>
    </p>
   </div>
  </div>
 </body>
</html>
