3206 5136
399 425 437 482 38
718 425 937 482 nummos
960 423 1071 482 nmen
1092 427 1127 479 V.
1336 427 1465 488 (ΜΗ)

397 551 548 648 Excipit,
567 565 601 621 ct
619 550 746 622 laceros
766 551 888 645 premit
907 553 942 620 iu
962 574 1049 620 nova
1069 549 1208 620 vulnera
1226 553 1341 622 crines.

447 659 524 740 «Ut
543 696 622 742 vcro
639 671 832 742 Alcimeden
850 673 1033 741 etiamnum
1053 672 1088 740 iu
1107 657 1284 741 murmitre
1300 686 1441 742 truncos

398 795 498 860 Ferre
516 794 620 887 patris
640 792 768 877 vultus,
787 807 821 862 et
837 807 989 888 egentem
1007 793 1180 887 sanguinis
1196 815 1308 862 ensem

398 913 587 1006 Conspexi,
607 914 739 1008 riguere
755 937 876 1000 come,
895 927 996 1007 atque
1015 916 1050 984 in
1070 916 1197 984 viscera
1214 937 1321 982 saevus

400 1035 531 1100 Horror
548 1033 586 1100 iit
606 1059 614 1102 ε
635 1057 727 1102 meus
744 1032 800 1103 ille
817 1034 949 1122 Thoas,
967 1017 1042 1106 mea
1060 1033 1134 1104 dira
1151 1033 1257 1106 videri

399 1156 526 1223 Dextra
544 1151 627 1220 mihi
646 1179 655 1222 :
674 1153 841 1248 extempio
860 1151 1014 1226 thalamis
1034 1155 1167 1226 uuhau
1185 1157 1330 1250 paternis

398 1274 530 1344 Inleror
549 1300 558 1343 ε
580 1271 636 1342 ille
653 1272 788 1367 quidem
806 1273 936 1346 dudum
954 1275 1053 1370 (quis
1071 1299 1193 1371 megua
1213 1279 1319 1364 taeenti

398 1395 592 1490 Somnusl)
609 1399 679 1492 agit
696 1421 832 1472 vemens
850 1421 981 1482 mum,
999 1398 1060 1466 etei
1079 1394 1146 1466 late
1164 1398 1300 1468 recessit

398 1517 493 1586 Urbe
510 1515 646 1604 domus,
666 1519 803 1612 quinem
821 1515 1002 1613 strepitus?
1017 1541 1093 1612 quse
1110 1541 1284 1588 murmura
1302 1519 1429 1604 noctis,

400 1638 471 1706 Cur
490 1637 708 1707 fremebunda
725 1639 843 1731 quies?
861 1638 993 1735 trepido
1011 1636 1117 1710 scelus
1136 1637 1255 1710 ordine
1274 1636 1405 1732 pando,

400 1757 486 1845 Quis
503 1756 616 1846 dolor,
633 1757 723 1828 unde
741 1760 843 1828 animi
861 1786 870 1830 ε
891 1762 941 1830 vis
961 1758 1054 1832 nulla
1073 1783 1184 1830 arcere
1204 1757 1351 1828 furentes
1370 1783 1379 1826 ε

400 1880 473 1946 Hac
481 1901 630 1972 sequere,
641 1879 859 1950 omiserande
869 1905 877 1948 ε
888 1894 1057 1974 premunt,
1068 1879 1278 1973 aderuntque
1289 1879 1453 1963 moranti,

400 2001 446 2068 Et
464 2024 593 2070 mecum
614 1999 753 2070 sortasse
771 1999 879 2071 cades.
903 2003 964 2070 His
982 2016 1111 2087 motus,
1129 2015 1163 2070 et
1180 2014 1272 2068 artus

400 2122 516 2192 Erexit
532 2123 644 2190 stratis
664 2147 673 2190 ε
692 2119 831 2192 ferimur
850 2145 910 2215 per
928 2119 1024 2190 devia
1042 2135 1144 2190 vastae

401 2242 521 2330 Urbis,
541 2241 598 2310 ubi
619 2244 789 2336 ingentem
808 2255 982 2310 nocturum
999 2239 1099 2310 caedis
1117 2265 1273 2310 acervum

402 2363 546 2450 Passim,
565 2376 603 2430 ut
620 2385 771 2456 quosque
788 2363 890 2432 sacris
907 2359 1050 2432 crudelis
1070 2385 1209 2455 vespere
1228 2359 1311 2428 lucis

402 2485 590 2570 straverat,
609 2481 740 2552 occulta
758 2481 969 2576 speculamur
989 2483 1077 2552 nube
1097 2481 1245 2552 latentes.

402 2605 466 2672 Hic
484 2605 643 2698 impressa
662 2604 839 2690 tonsore,
858 2617 1091 2696 exstantesque
1109 2602 1246 2674 reclusis

401 2725 595 2794 Pectoribus
613 2723 768 2820 capulos,
786 2749 985 2819 magnarum
1002 2739 1037 2794 et
1054 2724 1220 2819 fiagmina
1238 2739 1357 2794 uuuca

402 2849 601 2932 Haemum,
620 2859 654 2914 et
671 2845 761 2914 serm
780 2843 904 2916 laceras
921 2871 981 2939 per
999 2869 1142 2938 corpora
1159 2861 1283 2934 vester,

378 2957 380 2959 ’
402 2969 556 3038 Crateras
574 2993 718 3062 pronos,
736 2965 918 3062 epulasque
935 2969 970 3036 in
989 2941 1078 3036 caetle
1097 2983 1249 3038 natantes

403 3091 655 3176 commearat,
672 3087 864 3184 jugulisque
880 3087 982 3156 modo
1001 3090 1158 3158 torrentis
1177 3092 1301 3183 apertis

403 3211 574 3305 Sanguine
592 3210 773 3279 commixto
792 3193 1040 3280 redeuntcm⁰in
1059 3208 1181 3305 pocula
1199 3210 1378 3281 Bacchum.

403 3332 467 3400 llic
481 3333 644 3426 juvenum
662 3355 799 3418 manus,
817 3346 849 3400 et
867 3329 968 3401 nullis
986 3329 1152 3400 violabilis
1171 3332 1272 3402 armis

403 3451 518 3520 Turba
535 3475 630 3522 senes
651 3477 659 3519 :
680 3452 846 3547 positique
863 3466 997 3547 patrum
1016 3477 1117 3548 super
1134 3476 1194 3522 ora
1214 3467 1402 3546 gementum

404 3574 590 3641 Semineces
608 3573 703 3666 pueri
723 3571 871 3667 trepidas
889 3574 925 3640 in
944 3571 1056 3642 linum
1074 3574 1151 3642 ritae

403 3689 597 3786 Singultant
614 3694 741 3760 animas
762 3719 770 3759 z
791 3691 900 3788 gelida
919 3718 987 3761 non
1008 3695 1126 3762 saevius
1144 3697 1230 3764 Ossa

404 3811 593 3881 Luxuriant
609 3812 830 3905 Lapitharum
847 3811 970 3907 epulae,
989 3815 1016 3880 si
1036 3812 1172 3906 quando
1191 3813 1361 3908 profundo

404 3931 590 4027 Nubigenae
609 3931 739 4002 caluere
755 3957 848 4002 mero
868 3959 875 3999 :
896 3934 950 4002 vix
969 3934 1098 4026 primus
1117 3934 1160 4002 ab
1179 3937 1228 4003 ira

403 4051 529 4140 Pallor,
549 4067 582 4120 et
599 4051 752 4147 impulsis
769 4068 915 4149 surgunt
933 4053 973 4122 ad
993 4051 1111 4148 proelia
1130 4058 1262 4124 mensis.
