3172 5142
123 465 158 524 (v.
171 463 241 527 Μ.)
427 459 645 518 Tussamos
668 459 778 518 blut-:u
799 461 879 517 vul.
1123 475 1175 530 ¹²7

124 591 182 657 Ne
202 611 282 681 rape
301 601 370 654 tam
388 586 506 654 subitis
524 586 686 679 spirantia
703 608 843 680 corpora
863 584 989 672 bustis,

123 709 182 776 Ne
203 729 344 800 propera
365 731 374 771 τ
394 705 564 774 veniemus
585 706 692 792 enim,
712 729 780 798 quo
797 703 902 774 limite
920 705 1051 790 cuncti,

123 826 207 914 Qua
222 825 299 896 licet
317 829 365 893 ire
384 827 436 893 vie
457 851 465 892 :
486 837 616 892 tantum
636 840 771 895 exoratu
788 825 932 919 Pelasgis

124 947 215 1014 Siste
235 944 340 1015 levem
362 967 537 1038 campum
559 941 681 1013 celeres
699 969 765 1013 neu
784 945 926 1038 precipe
943 947 1077 1038 Parcas.

126 1071 172 1136 At
190 1080 227 1134 tu
244 1089 320 1133 care
337 1065 436 1150 Deis,
456 1087 556 1157 quem
577 1089 645 1132 non
663 1089 783 1133 ritanus
803 1063 890 1150 ulla,
908 1085 969 1132 nec
986 1085 1080 1132 enses

126 1185 276 1271 Sidonii,
294 1183 351 1253 sed
370 1208 493 1277 magna
511 1185 585 1252 sinu
606 1185 734 1253 Natura
752 1183 880 1270 soluto,

126 1309 199 1375 Ceu
216 1320 248 1374 te
264 1303 423 1397 Cyrrhaeo
440 1305 595 1372 meritum
614 1301 796 1372 tumularet
811 1303 926 1386 hiatu,

126 1428 184 1494 Sic
202 1422 354 1518 amplexa
370 1425 456 1510 coit,
475 1421 590 1492 hilaris
608 1422 683 1508 des,
702 1448 782 1510 oro,
800 1437 954 1516 precatus

127 1548 237 1615 Nosse
252 1558 344 1626 tuos,
360 1541 529 1636 coeloque,
547 1557 580 1611 et
595 1567 673 1611 vera
689 1543 902 1612 monentibus
917 1545 983 1612 aris

127 1661 314 1748 Concilies‚
335 1676 369 1732 et
386 1687 459 1755 quae
478 1661 610 1756 populis
629 1662 778 1756 proferre
798 1665 958 1758 parabas,

127 1787 189 1854 Me
206 1782 324 1851 doceas
345 1808 353 1850 :
378 1783 435 1850 tibi
456 1805 550 1850 sacra
569 1782 673 1850 seram
693 1805 859 1877 presaga,
880 1783 996 1876 tuique

127 1904 288 1974 Numinis
308 1895 488 1996 interpres,
511 1915 547 1969 te
564 1901 691 1969 Phoebo
713 1901 847 1970 absente
866 1901 1005 1970 vocabo.

127 2021 191 2091 ltle
212 2021 293 2090 mihi
312 2019 398 2091 Delo
417 2021 612 2114 Cyrrhaque
630 2022 799 2114 potentior
817 2023 908 2088 omni

128 2145 211 2230 Quo
230 2145 316 2228 ruis,
336 2137 389 2208 ille
411 2139 517 2234 adytis
538 2138 656 2208 melior
674 2138 777 2208 locus.
792 2169 808 2204 u
825 2143 903 2208 Hoec
921 2139 979 2208 ubi
999 2139 1106 2228 diota,

129 2263 311 2356 Nigrantes
331 2274 419 2328 terra
437 2259 597 2354 pecudes,
616 2241 824 2352 obscuraque
842 2261 962 2353 mergit

129 2387 309 2468 Armenta,
328 2405 366 2448 ac
384 2381 467 2447 vivis
485 2377 637 2446 cumulos
655 2377 812 2448 undantis
829 2403 937 2447 arente

131 2506 299 2596 Aggeret,
316 2513 348 2568 et
366 2502 433 2567 vati
450 2500 567 2568 mortis
584 2496 762 2567 simulacra
778 2497 943 2593 rependit.

181 2620 275 2689 Talia
292 2619 383 2716 apud
401 2621 541 2702 Graios,
560 2643 663 2712 quum
678 2619 748 2710 jam
766 2619 933 2688 Mavortia
951 2633 1067 2688 contra

130 2746 288 2826 Cornua,
303 2741 373 2834 jam
392 2761 494 2808 sevos
513 2737 625 2834 fragor
643 2763 748 2807 aereus
765 2739 888 2808 excitat
904 2763 1009 2808 enses.

133 2862 235 2934 Addit
254 2861 374 2930 acerba
394 2883 513 2928 sonum
532 2858 710 2927 Thaumesi
728 2883 747 2927 e
766 2861 890 2928 vertice
908 2862 1035 2929 crinem

131 2967 321 3068 Incutiens,
340 2981 495 3073 acuitque
514 2979 612 3048 tubas
633 2994 665 3047 et
684 2977 780 3048 sibila
799 2981 916 3047 miscet

131 3103 315 3197 Tisiphone
336 3127 343 3168 ε
364 3115 477 3194 stupet
497 3098 634 3168 insolito
654 3096 812 3194 clangore
825 3099 1001 3169 Citheron

132 3221 322 3308 Marcidus,
343 3236 376 3289 et
396 3236 503 3288 turres
524 3243 658 3288 carmen
676 3243 744 3288 non
763 3219 828 3288 tale
848 3233 978 3288 secutae.

131 3347 208 3413 Jam
229 3341 371 3436 trepidos
390 3337 525 3408 Bellona
545 3339 651 3427 fores,
673 3353 866 3432 armataque
887 3336 997 3433 pulsat

132 3466 285 3550 Limina;
303 3465 373 3556 jam
395 3460 501 3530 multo
521 3459 679 3530 laxantur
696 3459 832 3530 cardine
852 3460 983 3530 Thebae.

132 3584 263 3654 Turbat
278 3607 380 3677 eques
396 3581 540 3676 pedites,
556 3603 675 3649 currus
692 3580 951 3675 properantibus
968 3579 1119 3666 obstant,

134 3711 209 3776 Ceu
224 3705 333 3774 Danai
349 3717 426 3798 post
443 3717 537 3796 terga
555 3714 709 3795 premunt
729 3726 736 3768 :
756 3701 804 3769 sic
822 3695 978 3782 omnibus
995 3697 1072 3767 aia·

134 3830 318 3896 Arctantur
336 3822 460 3917 portis3
476 3831 670 3916 septemque
688 3819 882 3889 excursibus
898 3820 1036 3888 herent.

136 3945 276 4040 Ogygiis
297 3944 324 4013 it
345 3958 434 4011 sorte
453 3945 582 4030 Creon;
602 3939 756 4011 Eteoclea
776 3942 915 4009 mittunt

136 4067 261 4152 Neitae;
281 4063 383 4134 celsus
404 4061 620 4146 Homoloidas
640 4076 783 4155 occupat
800 4065 956 4148 Haemon,
