3156 5138
160 512 195 574 (ι.
208 512 263 578 st.)
485 509 678 566 silvanum
698 511 807 567 monn
829 513 878 568 111.
1171 511 1210 589 93

159 639 307 707 Misisses
329 661 337 705 ε
357 635 482 731 patrias
500 660 589 705 nunc
607 651 721 706 vertex
740 635 831 707 solus
848 637 892 708 ad
911 617 984 707 aras

160 759 307 852 Naviget
326 782 334 825 ε
354 756 445 825 hunc
462 755 570 826 multo
586 757 713 851 Paphie
730 758 903 826 saturabat
918 781 1069 845 amomo,

160 881 261 946 Hunc
280 901 366 946 nova
385 878 568 971 tergemina
585 877 755 972 repetebat
773 877 892 947 Gratia
910 876 1035 947 denua.

159 998 248 1064 Huic
268 1011 300 1066 et
319 997 481 1090 purpurei
499 995 595 1065 cedat
612 1021 707 1066 coma
727 997 838 1065 saucia
855 996 948 1078 Nisi,

159 1120 203 1186 Et
222 1141 324 1210 quam
340 1105 500 1210 Sperchio
519 1114 668 1186 tumidus
688 1115 839 1187 servabat
858 1113 1015 1186 Achilles.

209 1237 296 1330 Ipsi,
314 1260 420 1329 quum
441 1237 586 1330 primum
606 1237 736 1306 niveam
755 1259 958 1330 praecerpere
976 1235 1118 1305 frontem

160 1359 339 1425 Decretum
360 1371 430 1444 est,
448 1351 672 1450 humerosque
691 1379 791 1426 manu
812 1355 938 1426 nudare
957 1357 1119 1444 nitentes,

162 1479 350 1544 llccurrunt
370 1476 475 1544 teneri
491 1476 619 1569 Paphia
638 1499 715 1545 cum
734 1489 840 1545 matre
859 1475 1031 1563 volucres,

159 1591 414 1688 Expediuntque
432 1619 561 1682 comas,
581 1608 614 1664 et
632 1595 735 1665 serica
754 1610 887 1689 pectore
905 1611 1036 1690 ponunt

160 1713 264 1783 Pallia
284 1739 291 1781 :
314 1730 394 1784 tunc
409 1716 534 1808 junctis
553 1715 678 1785 crinem
698 1715 842 1786 incidere
861 1717 1008 1811 sagittis,

161 1838 272 1927 Atque
290 1859 390 1923 auro,
410 1837 614 1930 gemmisque
633 1835 745 1906 locant
765 1863 773 1904 :
794 1837 882 1932 rapit
901 1837 971 1931 ipsa
990 1835 1144 1906 cadentes

160 1957 285 2040 Mater,
304 1971 337 2024 et
356 1980 494 2025 arcanos
513 1956 611 2026 iterat
628 1955 792 2050 Cytherea
811 1954 968 2054 liquores.

209 2077 305 2145 Tunc
322 2099 441 2170 puere
459 2076 749 2163 turba,manibus
767 2078 824 2171 qui
842 2073 930 2146 forte
948 2077 1076 2170 supinis

160 2193 282 2265 Nobile
300 2209 466 2288 gemmato
478 2192 655 2292 ¹speculum
674 2169 865 2289 portaverat
883 2219 984 2284 auro,

160 2343 178 2378 α
189 2319 262 2384 Hoc
279 2339 412 2409 quoque
430 2315 566 2403 demus,
585 2319 653 2402 ait;
672 2317 788 2412 patriis
806 2341 866 2386 nec
885 2317 1011 2412 gratius
1030 2313 1136 2384 ullum

160 2435 371 2503 Munus-erit
388 2435 537 2528 templis,
556 2437 694 2530 ipsoque
712 2419 879 2531 potentius
896 2461 989 2507 auro.

160 2557 215 2624 Tu
233 2554 334 2624 modo
351 2553 414 2649 lige
431 2557 555 2642 aciem,
574 2571 608 2624 et
626 2555 736 2625 vultus
755 2557 816 2626 hos
834 2580 939 2650 usque
956 2553 1145 2650 relinque.»

161 2676 218 2744 Sic
236 2675 303 2764 ait,
322 2689 356 2744 et
374 2674 545 2769 speculum
563 2672 695 2746 seclusit
711 2677 855 2771 imagine
874 2689 978 2772 rapta.

206 2799 258 2865 'At
276 2819 359 2890 puer
377 2795 524 2889 egregias
542 2792 678 2864 tendens
695 2793 738 2864 ad
756 2794 863 2865 sidera
881 2793 1027 2890 palmas,

161 2943 179 2980 a
190 2915 252 2986 His
268 2913 351 2983 mihi
370 2939 433 3009 pro
451 2913 565 3002 donis,
584 2913 758 2992 hominum
776 2915 947 2985 mitissime
963 2929 1091 2999 custos,

162 3035 200 3105 Si
218 3035 345 3120 merui,
363 3032 463 3129 longa
481 3032 654 3104 dominum
673 3057 831 3104 renovare
845 3036 1003 3129 juventa,

161 3160 271 3248 Atque
289 3153 363 3224 orbi
380 3141 511 3256 servare
528 3150 624 3223 velis!
643 3153 708 3222 hoc
726 3151 834 3223 sidera
851 3177 1000 3242 mecum,
1027 3201 1031 3222 1

161 3277 236 3343 Hoc
255 3273 371 3363 undae,
389 3287 548 3368 terraque
566 3287 685 3368 rogant
704 3299 712 3343 :
732 3288 805 3362 eat,
823 3297 904 3362 oro,
922 3297 983 3370 per
1000 3295 1105 3345 annos

161 3394 301 3484 Iliacos,
320 3393 495 3489 Pyliosque
511 3395 613 3480 situs;
631 3395 848 3491 propriosque
866 3408 1000 3490 penates

161 3513 336 3602 Gaudeat,
355 3528 388 3584 et
399 3537 518 3594 ¹secum
535 3515 678 3608 Tarpeia
695 3537 861 3584 senescere
878 3510 1040 3609 templa.»

213 3634 269 3704 Sic
286 3635 349 3723 ait,
369 3649 403 3704 et
419 3615 525 3704 motis
542 3633 683 3702 miratur
701 3637 878 3730 Pergamos
896 3657 978 3704 aras.

453 3973 458 3980 ’
552 3977 802 4000 *¹*-
