3156 5138
131 471 228 535 (nst.)
455 469 652 525 SILVARUM
672 471 782 526 LIBER
806 470 856 524 ΠΙ.

130 597 304 668 Nuntius:
322 593 492 664 imbrifera
508 589 638 689 potitur
652 591 899 665 Thaumantide
915 587 1003 662 luno
1020 617 1027 659 :
1085 613 1088 616 ·

129 721 202 787 Stat
218 715 305 786 celer
322 714 482 810 obsequio
495 718 586 809 jussa
602 715 646 786 ad
663 717 836 810 Neptunia
850 709 969 799 Triton
985 739 992 782 :

129 842 182 907 Tu
202 838 301 907 toties
318 850 446 906 mutata
462 829 586 906 ducum
600 837 681 932 juga
696 838 762 906 rite
777 833 883 904 tulisti

128 961 278 1052 Integer,
297 957 397 1052 inque
418 957 511 1026 omni
525 955 606 1028 felix
625 972 684 1025 tua
697 957 816 1050 cymba
833 955 1011 1050 profundo.

178 1084 321 1172 Jamque
337 1079 427 1173 piam
443 1076 502 1160 lux
516 1075 584 1148 alta
601 1076 757 1162 domum,
776 1075 995 1170 praecelsaque
1013 1090 1084 1146 toto

128 1200 274 1269 Intravit
290 1201 438 1267 Fortuna
454 1177 571 1292 gradu.
589 1201 662 1266 lam
680 1196 828 1267 creditur
844 1198 902 1266 uni

129 1322 333 1388 Sanctarum
349 1316 495 1412 digestus
511 1343 632 1411 opum,
649 1316 842 1413 sparsasque¹
853 1342 915 1414 per
928 1343 1042 1386 omnes

128 1439 267 1507 Divitiae
283 1435 639 1532 populos,'magniq1ie
655 1437 824 1532 impendia
840 1437 978 1520 mundi;
1050 1435 1052 1440 ’

128 1557 304 1651 Quicquid
321 1559 364 1626 ab
379 1557 530 1627 auriferis
551 1559 669 1652 ejactat
684 1559 797 1628 Iberia*
813 1557 926 1646 sossis3

127 1677 322 1748 Dalmatico
341 1676 431 1772 quod
447 1692 561 1748 monte
578 1680 683 1766 nitet,
703 1677 793 1773 quod
812 1680 971 1749 messibus
988 1679 1075 1748 Alcis

128 1800 305 1886 Verritur,
322 1799 452 1868 aestiferi
469 1798 629 1893 quicquid
648 1801 724 1868 terit
739 1823 815 1869 area
829 1797 919 1887 Nili,

127 1917 302 2013 Quodque
317 1919 396 2015 legit
413 1945 540 1990 mersus
555 1918 664 2016 pelagi
678 1937 843 1990 scrutator
861 1923 942 2002 Eoi.

127 2045 178 2110 Et
196 2038 438 2110 lacedaemonii
457 2035 720 2136 pecuariaculta
738 2040 871 2129 Galesi,

127 2161 382 2254 Perspicuaeque
398 2161 509 2252 nives,
528 2157 738 2255 Massylaque
756 2163 895 2250 robora,
915 2176 949 2230 et
968 2161 1042 2230 lndi

127 2283 252 2351 Dentis
267 2281 372 2351 bonos
392 2307 400 2348 ε
418 2284 477 2351 uni
497 2281 615 2379 parent
633 2283 809 2352 commissa
827 2283 996 2372 ministro,
1099 2335 1101 2338 -

127 2403 219 2491 Quae
238 2406 377 2489 Boreas,
397 2427 534 2498 quaeque
554 2408 663 2474 Eurus
681 2417 796 2488 atrox,
817 2395 891 2499 quae
909 2402 1044 2472 nubilus
1066 2409 1186 2474 Auster

127 2517 274 2593 Invehit.
293 2525 458 2610 Hibernos
473 2524 570 2594 citius
586 2527 813 2595 numeraveris
822 2527 972 2612 imbres,

127 2641 363 2737 Silvarumque
380 2666 501 2716 comas.
520 2645 610 2740 Vigil
627 2637 881 2740 ipse‘animique
896 2649 1022 2742 sagacis

127 2764 250 2833 Exitus
264 2763 408 2851 evolvis,
426 2781 590 2859 quantum
606 2771 759 2837 Romana
777 2761 839 2836 snb
857 2769 950 2837 omni

126 2882 204 2954 Pila
225 2882 301 2971 die,
321 2901 551 2982 quantumque
567 2888 690 2957 Tribus
708 2913 725 2968 t,
737 2880 825 2983 quid
837 2888 962 2982 templa
978 2915 986 2956 :
1005 2869 1086 2982 quid
1104 2886 1161 2956 alti

127 3004 308 3075 Undarum
325 3030 461 3096 cursus,
482 3006 564 3101 quid
579 2986 831 3104 propugnacula
847 2998 986 3103 poscant
1099 2993 1102 3002 ¹

128 3127 305 3219 AEquoris,
322 3141 380 3196 aut
397 3125 494 3222 longe
510 3129 609 3197 series
623 3145 775 3224 porrecta
788 3131 941 3198 viarum:

128 3245 234 3336 Quod
251 3244 378 3316 domini
394 3244 488 3318 celsis
505 3248 607 3318 niteat
623 3248 833 3343 laquearibus
852 3275 992 3337 aurum,

128 3369 218 3457 Quae
232 3368 359 3436 Divum
378 3355 543 3438 in'vultus
560 3370 628 3464 igni
645 3369 821 3439 formanda
839 3357 999 3463 liquescat

128 3490 263 3575 Massa3
284 3487 365 3582 quid
383 3491 538 3560 Ausoniae
552 3492 713 3584 scripturn
735 3506 848 3586 crepet
865 3491 941 3585 igne
961 3507 1111 3561 monetae.

180 3609 268 3677 Hinc
284 3609 346 3677 tibi
362 3633 439 3678 rara
456 3611 567 3703 quies,
583 3606 762 3703 animoque
778 3609 911 3680 exclusa
927 3603 1102 3704 voluptas,

129 3729 333 3824 Exiguaeque
350 3728 472 3824 dapes,
492 3745 525 3799 et
543 3727 715 3824 nunquam
736 3729 812 3799 laesa
827 3729 996 3825 profundo

129 3855 223 3922 Cura
239 3874 351 3938 mero;
371 3850 433 3938 sed,
441 3853 525 3945 jura*
537 3867 647 3921 tamen
663 3850 805 3946 genialia
825 3851 939 3939 cordi,

128 3975 173 4041 Et
191 3987 336 4041 mentem
352 3973 477 4041 vincire
499 3974 600 4061 toris,
620 3988 652 4041 et
666 3969 808 4066 jungere
824 3973 908 4042 festa

129 4093 329 4182 Connubia,
349 4108 381 4162 et
398 4093 481 4169 sitlos
497 4094 632 4164 domino
650 4085 800 4190 genuisse
821 4095 966 4165 clientes.
