3156 5138
422 526 475 592 164
777 529 806 581 P.
831 526 953 582 PUBLII
975 525 1099 582 sumt
1373 521 1451 582 (nrt.)

416 653 524 720 Tanta
542 650 624 719 mihi
645 649 776 738 feritas,
795 659 889 720 tahta
907 664 957 720 est
976 651 1104 718 insania
1122 643 1249 718 luctus!

466 775 539 840 Hoc
558 795 692 864 quoque
707 794 813 865 quum
834 769 978 839 meditor
995 768 1132 838 terdena
1151 768 1225 838 luce
1240 780 1374 863 peracta

416 887 561 960 Acclinis
576 889 723 977 tumulo,
743 890 851 959 luctus
867 890 903 957 in
918 891 1066 959 carmina
1082 903 1193 978 verto,

415 1008 659 1103 Discordesque
676 1008 810 1098 modos,
829 1023 863 1077 et
878 1007 1094 1104 singultantia
1110 1009 1212 1078 verba

415 1128 550 1199 Molior.
571 1131 657 1198 Orsa
678 1129 774 1199 dolor
793 1125 950 1224 prohibet
969 1154 977 1197 :
997 1142 1098 1223 atque
1114 1129 1168 1198 ira
1186 1128 1319 1199 tacendi
1356 1133 1358 1138 ’

414 1251 595 1344 Impatiens
612 1275 621 1317 ε
637 1248 695 1319 sed
712 1277 774 1322 nec
792 1251 897 1323 solitae
913 1247 995 1318 mihi
1011 1250 1134 1318 vertice
1149 1247 1279 1339 laurus,

415 1369 486 1436 Nec
505 1365 608 1440 sronti
626 1376 764 1442 vittatus
781 1373 888 1442 honos
907 1397 915 1438 :
932 1395 975 1441 en
992 1383 1088 1440 taxea
1104 1384 1231 1439 marcet

416 1484 506 1559 Silva
524 1493 643 1580 comis,
664 1493 850 1586 hilaresque
869 1491 985 1561 ederas
1002 1487 1133 1586 plorata
1152 1514 1328 1585 cupressus

416 1609 571 1679 Excludit
590 1638 600 1682 ε
616 1629 734 1682 tenues
748 1613 870 1705 ignavo
886 1609 1006 1706 pollice
1022 1609 1164 1682 chordas

413 1725 533 1808 Pulso;
554 1727 612 1797 sed
630 1729 795 1800 incertum
813 1728 926 1825 digitis
944 1731 1135 1800 errantibus
1153 1754 1269 1802 aenens

413 1848 534 1919 Tundo
553 1847 673 1944 chelyn
694 1876 702 1918 :
720 1851 817 1943 juvat
833 1846 917 1920 heu!
935 1851 1033 1944 juvat
1049 1848 1240 1922 illaudabile
1257 1869 1385 1927 carmen

412 1969 582 2060 Fundere,
601 1986 635 2039 et
653 1971 798 2039 incomte
816 1971 974 2040 miserum
993 1971 1124 2040 nudare
1139 1969 1308 2042 dolorem.¹

303 2173 306 2179 Ι
412 2091 466 2159 Sic
485 2091 609 2178 merui;
629 2091 749 2160 sicme
766 2105 935 2183 cantuque
953 2090 1138 2184 habituque
1158 2090 1324 2162 nefastum

410 2210 606 2305 Adspiciant
626 2212 745 2305 Superi
765 2237 773 2278 :
793 2210 920 2306 pudeat
937 2210 1136 2304 Thebasque
1157 2231 1349 2307 novumque

411 2331 579 2402 AEacidem
600 2357 609 2400 ε
629 2330 677 2400 nil
694 2333 765 2426 jam
783 2330 944 2426 placitum
962 2330 1112 2402 manabit
1130 2331 1173 2402 ab
1190 2355 1259 2401 ore.

459 2449 521 2520 Ille
536 2475 614 2546 ego,
633 2452 691 2545 qui
712 2452 809 2520 toties
825 2449 968 2520 blandus
985 2464 1199 2544 matrumque
1215 2465 1410 2546 patrumque

410 2569 575 2656 Vulnera,
586 2570 652 2663 'qui
669 2569 764 2638 vivos
782 2570 879 2664 potui
896 2569 1043 2640 mulcere
1057 2568 1208 2657 dolores3
1313 2625 1317 2632 .

408 2689 469 2759 Ille
487 2713 550 2784 ego
568 2688 743 2784 lugentum
760 2689 852 2759 mitis
868 2687 1007 2776 solator,
1026 2690 1152 2778 acerbis

408 2808 552 2881 Auditus
569 2807 723 2898 tumulis,
740 2824 775 2878 et
793 2808 1066 2880 descendentibus
1084 2797 1226 2899 umbris,

282 2937 285 2944 '
407 2929 551 3018 Deficio,
571 2928 782 3023 medieasque
801 2951 935 3013 manus,
955 2928 1169 3024 fomentaque
1186 2955 1301 3024 qsaaero

407 3048 628 3136 Vulneribus,
644 3047 706 3118 sed¹
721 3073 867 3138 summa,
885 3051 968 3118 meis
986 3074 994 3116 ε
1015 3073 1106 3118 nunc
1122 3064 1275 3144 tempus,
1293 3050 1405 3138 amici,

406 3171 564 3259 Quorum
579 3192 642 3264 ego
658 3183 829 3238 manantes
845 3165 960 3238 oculos
975 3183 1009 3239 et
1026 3170 1138 3240 saucia
1152 3171 1231 3239 tersi

408 3293 563 3376 Pectora,
580 3288 720 3360 reddere
736 3311 851 3384 opem,
867 3312 1034 3382 saevasque
1050 3287 1217 3359 exsolvere
1235 3305 1356 3384 grates.

406 3413 575 3482 Nimirum
591 3424 673 3480 tunc
688 3424 798 3479 restra
815 3407 955 3480 domans
971 3433 1034 3504 ego
1049 3409 1204 3498 vulnera,
1221 3424 1356 3479 moestos

406 3531 563 3625 Increpui
582 3555 591 3598 t
610 3553 701 3604 nunc
717 3527 839 3600 damna
856 3526 972 3598 dolens
989 3527 1133 3617 alterna,
1153 3553 1293 3622 reposco

405 3647 525 3718 Infelix
539 3646 717 3743 lacrymas,
733 3662 769 3717 et
783 3649 877 3717 mitia
893 3649 1043 3718 carmina
1058 3672 1181 3742 quaero.

405 3773 533 3838 Verum
552 3784 639 3858 erat3
657 3768 841 3863 absumptae
859 3770 962 3857 vires,
980 3783 1013 3838 et
1029 3771 1126 3864 copia
1140 3767 1232 3837 fandi

404 3887 506 3961 Nulla
522 3887 618 3975 mihi,
636 3886 843 3982 dignumque
861 3887 945 3958 nihil
963 3913 1058 3958 mens
1074 3887 1214 3958 fulmine
1232 3903 1325 3958 tanto

403 4008 579 4103 Repperit;
599 4007 738 4077 inferior
759 4033 824 4078 vox
843 3999 966 4096 omnis,
982 4023 1016 4078 et
1034 4008 1148 4077 omnia
1167 4005 1304 4079 sordent

404 4129 516 4198 Verba
534 4155 543 4197 :
561 4128 708 4221 ignosce,
729 4153 829 4224 puer3
850 4143 885 4200 tu
907 4155 960 4198 me
979 4127 1122 4223 caligine
1138 4151 1285 4198 mersum
