3080 5136
388 466 445 520 27⁰
687 447 949 519 acutumtuos
971 446 1096 516 mett,
1109 447 1134 503 Ι.
1226 477 1235 512 ,
1326 447 1366 507 (““·
1381 449 1452 508 ³²¹·l

385 573 594 667 Peliacisque
607 572 721 668 jugis?
738 599 761 644 o
777 574 805 642 si
821 571 904 656 mihi
920 573 1064 668 jungere
1080 595 1196 658 curas,

385 697 497 789 Atque
511 693 771 789 aliumportare
787 695 863 764 sinu
880 693 1057 788 contingat
1075 687 1262 766 Achillem!
1287 721 1305 754 a

385 812 576 901 Mulcetur,
593 813 774 909 laetumque
794 815 909 902 rubet,
927 815 1087 907 viamque
1104 811 1268 906 superbos

386 933 569 1030 Obliquat,
589 949 762 1029 vestesque
778 959 880 1006 manu
898 933 1025 1006 leviore
1046 931 1188 1028 repellit
1212 1008 1217 1016 ,

384 1055 538 1152 Adspicit
555 1057 753 1152 ambiguum
772 1056 937 1153 genitrix,
956 1057 1117 1152 cogitque
1132 1052 1325 1142 volentem,

384 1177 573 1272 Iojecitquc
586 1179 689 1266 ,sinus
706 1203 716 1246 z
737 1193 818 1251 tunc
835 1175 922 1250 colla
938 1177 1083 1274 rigentia
1101 1175 1230 1262 mollit,

384 1297 626 1392 Submittitque
643 1323 762 1394 graves
781 1300 958 1388 humeros,
975 1313 1010 1370 et
1030 1296 1130 1368 fortia
1148 1296 1236 1368 laxat

383 1418 544 1510 Brachia,
564 1433 599 1488 et
619 1421 771 1514 impexos
785 1434 879 1498 necto
895 1416 1011 1490 domat
1025 1418 1145 1490 ordine
1160 1419 1291 1507 crines,

385 1539 435 1607 Ac
453 1563 513 1609 sua
532 1538 654 1630 dilecta
673 1541 803 1612 cervice
823 1538 964 1618 monilia
982 1538 1159 1625 transfert,

383 1663 427 1730 Et
444 1661 615 1754 picturato
633 1661 770 1732 cohibet
789 1663 930 1758 vestigia
951 1659 1071 1732 limbo.

383 1783 573 1870 incessum,
593 1797 792 1877 motumque
807 1782 928 1870 docet,
944 1781 1106 1876 fandique
1125 1782 1302 1877 pudorem.

383 1900 541 1990 Qualiter
554 1903 692 1974 artificis
707 1907 846 1979 victura
859 1902 982 1999 pollice
995 1929 1081 1977 cera

382 2011 562 2118 Accipiunt
579 2024 720 2114 formas,
738 2026 938 2120 ignemque,
957 2049 1165 2120 manumque
1181 2043 1385 2120 sequuntur,

382 2142 472 2213 Talis
491 2159 564 2236 erat
584 2144 670 2216 divae
686 2160 805 2222 natum
821 2148 983 2230 mutantis
1005 2131 1128 2242 imago.

383 2267 456 2335 Nec
474 2264 600 2356 luctata
616 2267 675 2340 diu
693 2294 702 2337 ε
718 2283 873 2364 superest
889 2294 969 2348 nam
989 2267 1158 2364 plurimus
1176 2267 1224 2342 illi

382 2391 513 2462 Invicta
531 2393 658 2462 virtute
678 2391 793 2480 decor,
815 2389 969 2486 fallitque
986 2406 1119 2468 tuentes

382 2513 587 2609 Ambiguus,
607 2514 770 2610 tenuique
786 2511 895 2592 latens
909 2511 1103 2592 discrimine
1121 2539 1230 2586 sexus

432 2633 642 2722 Prooedunt,
658 2636 849 2730 iterumque
866 2649 997 2722 monet,
1013 2659 1217 2728 rursumque
1230 2635 1355 2732 fatigat

384 2753 514 2825 Blanda
528 2755 644 2826 Thetis
664 2782 703 2826 :a
719 2757 777 2826 Sic
792 2781 875 2852 ergo
891 2755 1032 2851 grudm,
1046 2757 1096 2824 sin
1113 2779 1193 2843 ora,
1207 2780 1419 2851 mentuque,

382 2877 487 2966 Nate,
503 2875 608 2965 tues,
626 2877 833 2971 comitasque
850 2875 963 2956 modis
976 2876 1150 2949 imitabere
1169 2877 1281 2966 lictia3

383 3000 436 3068 Ne
456 3013 488 3068 te
506 3013 700 3094 suspectum
715 2997 809 3072 molli
829 3023 899 3070 uon
919 3000 1057 3075 misceat
1075 2995 1161 3069 aulae

345 3189 350 3200 ,
383 3123 520 3207 Rector,
537 3134 569 3190 et
587 3121 713 3216 incepti
730 3134 870 3214 pereant
891 3119 1068 3194 mendacia
1083 3119 1175 3192 lucu.
1193 3149 1210 3184 n
1285 3203 1287 3208 ι

383 3239 498 3330 Dixit,
516 3254 551 3310 et
570 3239 708 3314 admoto
725 3265 795 3313 non
813 3256 921 3318 cetam
937 3265 1073 3316 comme
1091 3255 1194 3316 ncta.

383 3361 439 3431 Sic
455 3361 513 3432 ubi
529 3362 689 3457 virgineis
705 3366 832 3440 Hecate
846 3361 968 3436 lassata
985 3363 1151 3460 pharetris

205 3487 208 3496 '
240 3557 244 3566 ¹
383 3482 436 3550 Ad
456 3496 585 3577 patrem
604 3483 810 3579 fratremque
825 3483 929 3572 redit,
948 3509 1062 3560 comos
1081 3485 1187 3560 haetet
1202 3486 1299 3558 eunti

383 3605 506 3690 Mater,
521 3618 555 3673 et
573 3604 647 3701 ipsa
664 3606 827 3678 humeros
845 3620 1028 3700 exertaque
1043 3605 1181 3680 brueltia
1200 3603 1311 3694 velat3

235 3747 237 3751 ’
383 3725 460 3817 Ipsa
478 3749 594 3796 arcum
613 3725 876 3822 pharetramque
895 3725 1005 3817 locat,
1024 3740 1205 3822 vestesque
1217 3725 1365 3800 latentes

384 3844 552 3935 Deducit,
570 3871 770 3942 sparsosque
786 3847 899 3920 studet
918 3872 1124 3944 oompuuern
1143 3849 1265 3924 crium.
1288 3939 1291 3944 Δ

437 3968 597 4041 Protinus
620 3967 817 4065 aggreditur
833 3994 947 4064 regem
966 3983 1091 4064 :atqua
1110 3969 1174 4056 ibi,
1193 3969 1335 4042 testibus
1358 3975 1444 4058 aris,

386 4117 402 4151 c
422 4091 519 4160 Hanc
538 4091 616 4182 tibi,
636 4092 705 4180 ait,
726 4092 833 4162 nostri
855 4115 1065 4196 germanam,
1083 4106 1206 4183 motor,
1223 4089 1369 4166 Achillis
