3094 5140
79 446 206 510 ('·⁶⁸5·l
397 444 611 504 nmmos
631 445 743 502 LIBER
762 446 817 502 lx.
1087 439 1143 499 165

77 575 242 641 Venator
260 570 417 666 raptabat
432 594 554 665 equus,
574 595 673 664 quem
694 569 841 640 discolor
856 569 962 640 ambit
1062 581 1064 588 '

80 693 219 789 Tigris,
238 706 272 762 et
291 692 416 761 auratis
436 691 633 762 adverberat
654 693 825 789 unguibus
845 715 968 762 armos.

82 812 189 883 Colla
206 811 340 900 sedent,¹
353 811 452 882 nodis
471 828 506 882 et
523 814 683 908 castigata
698 813 857 906 jubarum

83 933 268 1020 Libertas,
286 933 499 1026 nemorisque
514 947 602 1003 notre
620 931 683 1002 sub
700 946 835 1029 pectore
854 932 965 1026 primo

84 1055 284 1139 Jaetantur,
305 1055 405 1122 niveo
425 1050 542 1122 lunata
558 1052 698 1124 monilia
716 1052 827 1123 dente.

85 1177 170 1269 Ipse
188 1172 240 1243 bis
257 1171 402 1244 OEbalio
421 1187 604 1244 saturatam
621 1175 748 1243 mnrioe
763 1170 903 1268 pallam,

88 1298 329 1387 Lucentesque
346 1317 430 1363 auro
448 1295 596 1384 tunicas,
613 1295 680 1364 hoe
697 1308 838 1364 neverat
853 1317 958 1363 unum

89 1417 206 1484 Mater
222 1438 329 1507 opus,
347 1415 440 1484 tenui
461 1412 619 1484 collectus
637 1415 673 1484 in
687 1414 745 1484 ilia
764 1411 896 1502 vinclo,

91 1534 297 1628 Cornipedis
317 1531 401 1604 laevo
419 1531 575 1630 elypeum
596 1533 775 1606 demiserat
791 1559 903 1622 armo,

93 1659 185 1725 Ense
205 1654 316 1749 gravis
332 1654 439 1724 nimio
457 1679 465 1722 ε
483 1656 579 1723 tereti
594 1656 693 1748 juvat
709 1677 812 1724 aurea
828 1677 944 1724 morsu

91 1773 216 1845 Fibula
241 1775 422 1871 pendentes
447 1763 575 1845 circum
597 1771 702 1844 latera
719 1799 838 1871 aspera
853 1774 1002 1861 cinctus;

92 1899 305 1993 vaginaeque
321 1920 461 1978 sonum,
478 1892 725 1989 tremulumque
740 1894 857 1966 audire
873 1896 1040 1990 pharetrae

92 2021 269 2105 Murmur,
290 2031 323 2085 et
341 2041 362 2085 a
379 2041 466 2086 cono
485 2017 603 2086 missas
619 2017 655 2085 in
673 2031 769 2113 terga
786 2031 936 2107 catenas,

93 2137 274 2212 Interdum
294 2139 410 2208 cristas
425 2135 542 2206 hilaris
556 2137 686 2230 jactare
700 2152 891 2227 comantes,

95 2265 146 2332 Et
160 2260 288 2356 pictum
306 2259 447 2356 gemmis
464 2257 567 2356 galeae
581 2257 684 2352 jubar
702 2283 710 2328 ε
728 2273 780 2329 ast
796 2257 857 2327 ubi
874 2281 989 2353 pugna

98 2382 213 2454 cassis
231 2378 353 2451 anhela
368 2377 471 2469 calet,
492 2376 642 2450 resoluto
658 2381 784 2450 vertice
804 2379 914 2451 nudus

97 2504 263 2574 Exoritur
280 2527 290 2571 t
307 2517 391 2572 tuno
408 2497 507 2571 dnlee
523 2525 647 2591 comte,
667 2500 836 2597 radiisque
852 2502 1014 2572 micantes

97 2622 210 2697 Dulce
229 2625 340 2693 nitent
356 2624 465 2710 visus,
480 2637 530 2710 et,
546 2647 630 2717 quas
648 2621 739 2692 dolet
757 2625 828 2718 ipse
844 2623 991 2713 morari,

98 2741 264 2814 Nondum
283 2757 419 2812 mutatae
438 2765 534 2812 rosea
551 2740 710 2838 lanugine
725 2742 832 2813 malae.

99 2867 177 2936 Nec
195 2864 309 2933 formae
328 2863 390 2932 sibi
407 2860 507 2932 laude
526 2861 654 2958 placet,
676 2862 888 2957 multumque
908 2867 1033 2934 severis

100 2991 246 3080 Asperat
264 2984 440 3053 oraminis
459 2981 541 3052 :sed
559 2981 680 3052 frontis
698 2999 810 3054 servat
826 2985 992 3054 honorem

100 3109 161 3175 Ira
177 3102 296 3174 deoens
311 3130 320 3172 ε
338 3102 396 3172 dat
415 3117 534 3198 sponte
550 3101 663 3172 locum
680 3104 843 3173 Thebana
857 3105 1035 3199 juventus,
1129 3191 1134 3212 ,

102 3227 271 3295 Natorum
293 3247 473 3312 memores,
492 3225 687 3318 intentaque
704 3223 771 3293 tela
789 3239 1008 3320 retorquent:

104 3346 171 3418 Sed
189 3347 328 3441 premit,
347 3359 381 3414 et
400 3369 502 3414 saevas
517 3345 755 3414 miserantibus
773 3347 897 3442 ingerit
914 3346 1037 3416 hastas.

104 3465 207 3538 illum
224 3480 260 3535 et
276 3464 423 3535 Sidoniae
437 3465 519 3560 juga
539 3489 599 3560 per
617 3465 817 3536 Tbeumesia
834 3467 989 3562 nymphae

106 3585 313 3674 Bellantem,
332 3601 433 3679 atque
453 3587 527 3680 ipso
546 3585 669 3656 sudore
689 3601 723 3656 et
743 3586 881 3682 pulvere
900 3601 1033 3684 gratum

107 3706 283 3796 Laudant,
303 3722 337 3776 et
357 3707 460 3776 tacito
478 3706 607 3777 ducunt
625 3708 768 3803 suspiria
787 3722 878 3778 voto.

157 3824 252 3897 Talia
269 3827 418 3898 cernenti
435 3827 525 3896 mitis
544 3827 634 3896 subit
651 3825 720 3897 alta
737 3828 856 3899 Dianae

111 3945 223 4020 Corda
243 3947 351 4036 dolor,
371 3947 520 4043 fletuque
538 3972 638 4045 genas
656 3947 802 4041 violata,
823 3951 969 4042 «Quod,
988 3953 1116 4051 inquit,

110 4068 211 4140 Nune
230 4067 310 4159 tibi,
327 4067 420 4164 quod
439 4067 493 4139 leti
514 4093 662 4164 queram
682 4073 756 4140 Dea
773 4069 839 4140 fida
859 4072 1042 4168 propinqui
