3156 5138
109 449 208 514 (mh)
435 454 630 512 SILVARUM
651 453 773 516 LIBER,
785 453 832 508 IV.

205 575 272 646 Sed
293 591 381 646 terra
400 581 519 673 primis
538 595 616 674 post
635 581 779 674 patrium
798 577 896 648 mihi.

205 695 336 766 Dilecta
355 700 445 768 curis
466 726 474 768 :
496 700 645 768 hiemen
664 699 813 770 carmine
938 735 941 741 >

229 819 358 913 Regina
374 818 538 890 bellorum
554 823 671 914 virago

256 939 408 1008 Caesareo
428 938 599 1010 decoravit
619 966 729 1010 auro:

205 1097 323 1184 Quum
342 1109 380 1164 tu
400 1095 523 1166 sodalis
543 1095 639 1166 dulce
660 1095 846 1192 periculum

206 1215 373 1284 Connisus
392 1217 485 1284 omni
504 1232 640 1309 pectore
659 1215 812 1304 tolleres;

231 1335 281 1401 Ut
299 1335 420 1406 Castor
439 1335 481 1404 ad
502 1349 643 1409 cunctos
664 1336 829 1405 tremebat

255 1455 422 1548 Bebrycio
441 1459 600 1550 strepitus
618 1481 736 1526 arenae.
828 1490 830 1496 ·

94 1703 99 1716 ι
204 1615 297 1681 Tene
318 1613 353 1681 in
373 1617 511 1684 remotis
530 1617 683 1710 Syrtibus
703 1617 777 1684 avia

204 1733 319 1825 Leptis
340 1733 571 1827 creavitijam
592 1735 675 1805 feret
691 1733 834 1804 Indicas·

226 1854 373 1938 Messes,
393 1851 607 1946 odoratisque
625 1878 702 1923 rara

255 1973 420 2041 Cinnama
438 1973 606 2066 praeripiet
624 1974 755 2042 Sabaeis.

202 2129 289 2216 Quis
309 2153 378 2197 non
398 2130 433 2198 in
452 2131 544 2198 omni
561 2131 685 2199 vertice
704 2127 840 2200 Romuli

202 2250 363 2342 Reptasse
383 2247 516 2321 dulcem
536 2251 737 2344 Septimium
756 2250 874 2344 putet?

228 2369 315 2459 Quis
334 2368 426 2438 fonte
446 2372 616 2458 (Iuturnae,
632 2368 756 2440 relictis

249 2488 440 2578 Uberibus,
461 2506 560 2586 neget
580 2515 651 2561 esse
670 2490 828 2585 pastum?

203 2649 281 2714 Hac
301 2648 385 2715 mira
407 2647 514 2716 vimus
534 2675 541 2716 :
563 2662 725 2742 protenus
741 2647 920 2719 'Ausonum

202 2767 343 2853 Portus,
363 2764 485 2837 dolosae
504 2769 635 2838 nescius
654 2767 792 2852 Africa,

225 2889 355 2974 Intres,
375 2887 620 2982 adoptatusque
640 2891 756 2959 Tuscis

250 3006 451 3101 Gurgitibus
468 3033 552 3102 puer
571 3010 739 3079 innatasti.

150 3133 154 3143 ι
201 3164 263 3231 Hic
282 3187 426 3257 parvus,
448 3166 536 3235 inter
553 3167 694 3261 pignora
713 3169 844 3254 Curiae,

204 3284 392 3353 Contentus
408 3301 502 3356 arcto
519 3285 645 3355 lumine
661 3312 837 3383 purpurae,

223 3404 446 3492 Crescis;,sed
464 3407 644 3476 immensos
663 3404 793 3476 labores

245 3523 362 3594 indole
381 3528 521 3620 patricia
541 3542 684 3596 secutus.

200 3682 278 3751 Nou
299 3705 408 3751 sermo
429 3684 571 3771 Poenus,
590 3709 659 3754 non
679 3684 814 3754 habitus
835 3685 914 3769 tibi,

202 3801 346 3870 Externa
368 3826 437 3871 non
456 3828 549 3873 mens
568 3831 575 3872 :
592 3803 717 3895 Italus,
738 3805 852 3876 Italus.

222 3921 308 3990 Sunt
322 3923 416 3992 Urbe
431 3927 659 4020 Romanisque
680 3929 799 3996 turmis

247 4044 317 4133 Qui
331 4044 471 4139 Libyam
487 4044 646 4116 decorant
662 4045 799 4118 alumni.
