3200 5142
426 524 480 596 ινδ
745 523 960 580 rnanuoos
972 521 1097 580 ,arnan
1116 523 1140 576 1.
1362 519 1472 582 (μοι.)

423 649 644 744 stellantique
660 647 749 718 locat
764 648 874 720 solio:
894 673 955 718 nec
971 649 1127 742 protinus
1141 645 1219 716 'ausi

423 769 610 860 Caelicolae,
631 772 763 841 veniam
783 771 890 841 donec
910 785 1007 865 pater
1025 771 1096 864 ipse
1113 765 1250 838 sedermi

421 890 617 986 Tranquilla
634 892 733 986 jubet
750 916 822 962 esse
838 915 942 962 manu
961 917 969 958 :
988 915 1068 960 mox
1085 889 1186 958 turba
1200 912 1366 984 vagorum

422 1012 631 1101 semideum,
647 1028 681 1082 et
701 1012 841 1083 summis
861 1012 996 1108 cognati
1016 1010 1164 1082 nubibus
1182 1034 1315 1098 amnes,
1340 1089 1344 1098 .

421 1139 465 1206 Et
482 1158 672 1230 compressa
692 1149 786 1203 metu
803 1146 972 1203 servantes
992 1155 1169 1203 murmura
1188 1133 1280 1200 venti

320 1299 323 1308 ·
421 1263 533 1329 Aurea
550 1269 638 1324 tecta
654 1252 807 1349 replent;
825 1255 931 1324 mixta
949 1277 1098 1324 convexa
1114 1255 1266 1322 Deorum

420 1378 596 1472 Majestate
612 1390 784 1445 tremunt:
803 1374 938 1446 radiant
956 1374 1085 1467 majore,
1100 1397 1230 1458 sereno¹
1252 1424 1266 1434 .-

421 1498 600 1586 Culmina,
619 1512 654 1566 et
671 1521 793 1566 arcano
812 1495 970 1568 florentes
983 1494 1117 1568 lumine
1132 1472 1254 1589 postesi

470 1625 653 1715 Postquam
670 1619 762 1713 jussa
780 1618 892 1712 quies,
911 1613 1070 1710 siluitque
1086 1616 1264 1686 exterritus
1282 1617 1389 1706 orbis,

420 1743 545 1836 Incipit
562 1739 688 1810 exalto
707 1739 832 1836 (grave
850 1753 885 1808 et
904 1714 1113 1808 immutabile
1132 1738 1255 1807 sanctis

420 1861 557 1932 Pondus
573 1847 667 1932 adest
684 1861 794 1930 verbis
802 1889 817 1948 ‚¹
833 1875 868 1929 et
884 1883 1000 1930 vorem
1016 1863 1098 1930 Fata
1118 1859 1353 1954 sequuntur);

472 1985 680 2052 «Terrarum
699 1980 839 2066 delicta,
859 2005 922 2051 neo
939 1978 1169 2076 exsuperabile
1185 1980 1278 2051 Diris

420 2104 599 2199 Ingenium
615 2101 757 2172 mortale
777 2126 925 2196 queror:
943 2126 1093 2196 quonam
1109 2125 1215 2194 usque
1232 2117 1410 2202 nocentum

420 2226 543 2321 Exigar
556 2225 592 2292 in
609 2233 726 2318 peenas
736 2221 869 2292 itaedet
884 2222 1000 2291 sevire
1019 2245 1162 2293 corusco
1213 2265 1216 2272 ,

421 2343 573 2415 Fulmine
589 2371 597 2413 :
616 2345 685 2438 jain
704 2341 833 2438 pridem
851 2340 1040 2437 Cyclopum
1059 2367 1199 2437 operosa
1215 2344 1376 2416 fatiscunt

421 2467 581 2555 Brachia,
602 2478 636 2534 et
655 2463 770 2534 AEoliis
789 2463 914 2533 desunt
932 2462 1111 2534 incudibus
1132 2465 1234 2560 ignes.

420 2591 530 2680 Atque
550 2583 626 2655 ideo
637 2584 790 2654 -tuleram
807 2583 891 2654 falso
910 2599 1040 2655 rectore
1059 2582 1188 2655 solutos

421 2707 509 2777 Solis
529 2730 654 2802 equos,
675 2705 866 2800 caelumque
885 2707 968 2776 rotis
988 2707 1178 2778 errantibus
1200 2710 1289 2795 uri„
1334 2781 1337 2789 Α

418 2833 462 2899 Et
481 2829 718 2908 Phaethontea,
732 2827 898 2898 mundum
914 2825 1081 2922 squallere
1099 2827 1221 2900 fauilla.

418 2947 476 3022 Nil
496 2964 608 3020 aetum
626 2963 701 3022 est:
716 2973 826 3044 neque
846 2965 884 3018 tu
904 2946 1016 3018 valida
1033 2948 1126 3042 quod
1141 2949 1282 3043 cuspide
1299 2949 1367 3020 late

417 3073 471 3139 Ire
491 3095 551 3165 per
569 3069 724 3140 illicitum
745 3069 864 3165 pelago
872 3119 888 3158 ,.
902 3093 1078 3164 germane,
1099 3069 1229 3139 dedisti.

417 3194 520 3263 Nunc
539 3192 687 3286 geminas
709 3192 832 3285 punire
852 3190 989 3280 domos,
1008 3189 1085 3285 qula
1101 3192 1415 3286 sanguinisjanctor

418 3315 493 3407 Ipse
510 3336 592 3409 ego,
614 3311 790 3382 descendo.
810 3315 948 3381 Perseos
960 3309 1050 3381 ‘alter
1067 3313 1103 3380 in
1118 3316 1227 3408 Argos
1244 3361 1248 3376 .

418 3434 600 3522 Scinditur,
619 3435 744 3504 Aonias
755 3433 840 3502 ‚fluit
856 3433 912 3503 bio
932 3434 975 3503 ab
988 3435 1126 3530 origine
1145 3435 1286 3526 Thebas.

417 3555 514 3623 Mens
535 3552 665 3623 cunctis
688 3555 833 3648 imposta
852 3568 967 3623 manet
982 3580 990 3622 :
1008 3555 1085 3648 quis
1099 3554 1221 3626 >limera
1242 3555 1364 3628 Cadmi

417 3673 576 3745 Nesciat?
593 3689 627 3744 et
643 3674 742 3744 toties
763 3676 906 3744 excitam
925 3699 945 3744 a
965 3674 1099 3744 sedibus
1117 3677 1193 3746 imis

417 3793 643 3864 Eumenidum
662 3787 800 3864 bellasse
820 3794 951 3864 aciem?
968 3794 1056 3866 mala
1076 3797 1205 3891 gandia.
1219 3813 1384 3884 matrum,
1401 3863 1404 3870 .

416 3919 623 4010 Erroreaque
640 3916 727 3986 feros
738 3935 946 4005 nemorum,
966 3913 1000 3986 et
1017 3917 1187 3986 reticenda
1199 3911 1352 3982 Deorum

417 4035 591 4108 Crimina?
610 4035 776 4106 Vix-lucis
792 4039 920 4130 spatio,
937 4040 995 4106 vix
1006 4039 1129 4107 :noctis
1139 4039 1263 4108 abactae

392 4163 622 4250 ⁶Enumerare
638 4182 759 4252 queam
778 4183 906 4251 mores,¹
926 4174 1127 4256 gentemque
1146 4158 1336 4253 profanam.
