3080 5136
598 783 831 890 VERBA
870 782 1187 904 ACHILLIS

727 1037 774 1095 'IN
796 1039 1054 1096 PARTHENONE

367 1243 537 1348 QUUM
565 1245 761 1329 TUBAM
790 1241 1073 1329 DIOMEDIS
1104 1237 1423 1326 AUDlSSET‘.

814 1611 975 1628 --‘-·—

368 1853 490 1980 Viri
509 1905 600 1978 velut
614 1922 720 1978 cautae
739 1931 879 2002 surgens
897 1905 1043 1976 formido
1063 1905 1196 2000 parenti

370 2029 544 2098 Femineos
559 2030 716 2124 juvenem
732 2030 832 2123 jussit
849 2053 902 2097 me
919 2053 1051 2098 sumere
1067 2025 1194 2112 cultus,

370 2149 540 2219 Et'celare
559 2151 669 2221 virum
690 2137 774 2220 falso
792 2176 854 2246 per
870 2151 1017 2245 tegmina
1031 2174 1129 2236 sexu3

370 2270 471 2340 Unde
491 2295 553 2364 ego
570 2270 719 2342 lanifioas
737 2273 863 2341 tentavi
882 2270 1045 2365 inglorius
1059 2285 1161 2357 artes,

327 2429 330 2435 ,
372 2394 610 2488 virgineisque
627 2394 710 2462 toris
726 2393 897 2488 carpenda
912 2392 955 2462 ad
972 2391 1091 2462 vellera
1108 2391 1226 2460 inhaesi
1245 2416 1253 2456 :

372 2519 474 2588 Nunc
492 2530 604 2586 autem
622 2517 798 2613 proprium
814 2541 951 2586 servans
972 2530 1094 2585 natura
1111 2516 1263 2607 vigorem

370 2633 551 2730 Compellit
566 2635 674 2706 fluxos
691 2635 840 2706 humeris
857 2635 1022 2731 depellere
1034 2636 1187 2704 amictus.

370 2761 463 2828 Dum
481 2783 543 2826 uos
557 2756 645 2827 bella
665 2773 788 2828 vocant
806 2783 910 2826 rauco
927 2756 1085 2851 clangore
1100 2757 1278 2840 tubarum,

370 2883 469 2950 Mens
482 2882 645 2974 quatitur,
665 2904 838 2976 saevusque
858 2879 949 2950 fovet
966 2879 1151 2975 precordia
1169 2881 1338 2950 Mavors:

371 3007 504 3098 Rumpe
521 3027 631 3072 moras
646 3028 762 3072 omnes
779 3002 910 3073 fervens
926 3003 964 3070 iu
977 2999 1095 3096 proelia
1111 3003 1234 3087 virtus,

372 3131 443 3198 Nec
460 3127 560 3196 fuerit
578 3122 862 3194 latuisse-meum!
884 3124 919 3192 Si
939 3121 1075 3192 classica
1095 3137 1225 3210 temne,

372 3247 484 3319 Dilexi
502 3247 664 3334 latebras3
685 3271 795 3340 neque
812 3247 902 3315 euim
923 3243 990 3314 ulla
1005 3259 1055 3314 est
1071 3242 1170 3340 culpa
1186 3249 1366 3338 parentis:

372 3373 460 3443 Nam
478 3395 582 3464 quum
603 3371 745 3463 respicio
762 3395 830 3462 quo
850 3368 914 3438 sim
933 3369 975 3439 de
994 3369 1120 3438 semiue
1135 3384 1266 3452 cretus,

412 3618 424 3646 ⁸
440 3617 516 3663 Erunt
525 3613 623 3663 fortasse
635 3613 699 3663 iuter
707 3613 807 3664 lectores
815 3621 908 3664 nostroe
916 3611 1005 3678 quibus
1017 3625 1067 3662 uon
1076 3609 1201 3679 dispiieeat
1210 3625 1361 3676 eognoeoero
1374 3631 1431 3679 quo

375 3697 448 3748 modo
462 3697 488 3747 in
502 3697 588 3747 eodem
602 3697 652 3748 iere
666 3713 716 3763 quo
730 3696 818 3748 surius
833 3707 972 3765 argumento
987 3696 1128 3747 exornando
1141 3712 1193 3746 aeae
1205 3696 1351 3747 exhibuerit
1365 3710 1434 3765 poan

375 3782 464 3833 latinus
477 3781 503 3832 in
516 3781 654 3850 mediajem
667 3781 779 3833 barbarie
793 3783 893 3850 positus.
905 3783 947 3832 His
964 3782 1037 3848 igitur
1049 3797 1147 3831 oarmeu
1162 3779 1292 3830 offerimus
1307 3791 1396 3840 sexto,
1410 3793 1434 3832 ιι

376 3866 479 3928 ridetur,
491 3867 576 3918 seculo
585 3867 722 3929 conditum,
737 3867 880 3935 productum
894 3883 923 3917 ex
938 3865 1082 3934 apographis
1096 3863 1184 3915 codicis
1193 3864 1340 3914 Salmauaoi
1350 3883 1365 3915 a
1375 3870 1433 3916 Bur-

378 3969 466 4002 manno
476 3952 501 4002 iu
512 3950 613 4000 Antinoi.
624 3949 688 4010 ior..
701 3953 746 4002 vol.
757 3971 780 4012 r,
790 3971 814 4019 p.
828 3954 861 4001 68
872 3969 938 4018 sqq„
955 3968 970 4000 a
984 3949 1053 4000 uobis
1069 3967 1098 4000 ex
1113 3949 1165 4016 ipso
1179 3949 1265 3999 codiee
1283 3949 1384 4015 septimi
1397 3967 1435 4000 sak

377 4036 437 4094 ruli,
452 4035 584 4086 uncialibus
606 4035 689 4086 liuere
709 4037 810 4104 scripto,
827 4053 900 4104 quem
920 4035 994 4101 Regia
1014 4035 1074 4084 bibl.
1090 4044 1182 4094 serrat,
1198 4043 1224 4083 er
1242 4051 1272 4083 ex
1296 4037 1434 4099 conjectura

377 4120 455 4170 denuo
470 4121 617 4172 roremilum.
