3156 5138
124 485 223 552 (nep.)
386 492 389 498 ’
458 479 654 541 SILVARUM
675 477 786 534 LIBER
809 475 842 528 V.

125 611 314 707 Cyclopum
333 606 489 704 scopulos
506 606 620 695 ultra,
631 605 742 699 'atque
762 603 902 674 audacia
919 625 997 670 saxa

127 730 363 828 Pyramidum,
382 744 417 798 et
433 751 557 823 magno
573 724 744 796 tumulum
764 738 944 820 praetexere
966 719 1057 794 luco!

128 851 203 922 Illic
219 868 253 922 et
272 848 377 923 Siculi
395 873 604 945 superassem
621 848 711 917 dona
731 845 891 943 sepulcri,

129 977 174 1043 Et
191 974 331 1045 Nemees
349 970 483 1059 ludum,
503 983 536 1040 et
551 968 685 1065 Pelopis
701 966 852 1039 solennia
871 966 994 1037 trunci.

128 1092 204 1164 Illic
221 1093 454 1165 OEbalio'nou
472 1090 616 1160 finderet
636 1114 714 1160 aera
734 1089 826 1159 disco

128 1217 316 1286 Graiorum
334 1211 473 1284 visulla
492 1213 625 1299 virum;
639 1237 710 1281 non
728 1235 809 1282 arva
827 1213 953 1307 rigaret
1006 1199 1008 1204 ⁸
1097 1219 1098 1222 ’

130 1336 243 1406 Sudor
259 1359 399 1431 equum,
418 1348 479 1403 aut
493 1333 585 1427 putri
603 1331 751 1403 sonitum
770 1332 865 1403 daret
879 1331 1006 1428 ungula
1023 1357 1159 1427 campo;

129 1457 199 1528 Sed
216 1457 334 1528 Phoebi
353 1453 493 1552 simplex
510 1456 657 1538 chorus:
675 1455 731 1524 bic
745 1453 936 1524 frondentia
950 1469 1066 1523 vatum

129 1577 272 1651 Praemia
289 1578 443 1667 laudato,
461 1578 613 1674 genitor,
625 1577 686 1646 tibi
704 1578 767 1647 rite
784 1573 931 1646 dicarem
944 1599 971 1645 ι’

129 1704 208 1796 Ipse
228 1699 367 1770 madens
382 1689 555 1795 lacry'ini's,
569 1689 771 1768 'umbrarum
788 1693 975 1792 animaeque
993 1695 1162 1785 sacerdos,

131 1823 353 1919 Praeciperem
370 1820 537 1910 reditum,
550 1822 612 1904 cui
631 1834 664 1890 te
680 1845 743 1890 nec
764 1815 1041 1892 Cerberus'omni

133 1947 222 2033 Ore,
237 1969 298 2013 nec
315 1935 464 2037 Orpheae
475 1937 612 2036 quirent
630 1933 784 2011 avertere
798 1939 902 2036 leges3

131 2068 257 2159 Meque
273 2059 409 2133 babitus
425 2055 694 2158 moresquetuos
711 2078 746 2132 et
758 2057 849 2133 'facta
868 2076 1043 2132 canentem

134 2189 218 2255 Fors
236 2200 270 2254 et
286 2183 503 2280 magniloquo
522 2177 593 2254 non
611 2177 859 2281 posthabuisset
877 2187 1044 2270 Homero,

132 2307 302 2377 Tenderet
320 2320 354 2375 et
373 2297 595 2402 torvo'pietas
615 2313 749 2400 aeq'uare
769 2306 915 2375 Maroni.

185 2431 258 2499 Cur
276 2423 381 2526 magis
402 2427 543 2497 incessat
556 2430 724 2522 Superos,
743 2444 776 2498 et
794 2452 879 2498 aena
894 2429 1054 2497 Sororum

137 2549 308 2637 Stamina,
325 2574 400 2643 quae
418 2547 534 2642 tepido
550 2541 696 2643 genitrix
713 2574 815 2644 super
835 2574 956 2644 aggere
973 2549 1046 2617 nati
1142 2583 1143 2587 ¹

135 2669 233 2740 Orba
251 2668 359 2739 sedet?
376 2667 429 2738 vel
449 2693 523 2763 quae
542 2659 860 2765 primaevi'conjugis
880 2671 993 2765 ignem

137 2790 306 2886 Adspicit,
322 2781 560 2883 obstantesque
575 2814 714 2878 manus,
733 2792 935 2884 turbamque
949 2795 1120 2860 tenentem
1155 2835 1159 2844 ·

135 2911 271 3000 Vincit,
291 2910 327 2979 in
345 2909 541 2996 ardentem,
559 2908 673 2999 liceat,
691 2913 857 2981 moritura
873 2911 1076 2981 maritumi

137 3031 250 3124 Major
268 3044 357 3102 certe
374 3028 440 3100 illis
463 3033 617 3126 Superos
627 3045 662 3100 et
676 3021 817 3101 Tartara
834 3031 965 3126 pulsem

139 3151 297 3221 Invidia:
315 3145 462 3222 externis
480 3153 582 3222 etiam
599 3143 786 3221 miserabile
803 3153 877 3242 visu
902 3171 904 3177 ’

139 3275 257 3343 Funus
276 3275 360 3343 erat.
382 3273 449 3344 Sed
464 3300 526 3344 nec
545 3274 647 3344 modo
657 3265 839 3354 ¹se'Natura
856 3272 982 3345 dolenti
990 3324 1018 3364 ,μ

142 3397 216 3466 Nec
232 3397 343 3465 Pietas
360 3396 485 3490 injusta
506 3385 625 3465 dedit:
647 3395 730 3464 mibi
751 3394 867 3466 limine
884 3397 996 3493 primo
1037 3439 1040 3448 ·
1135 3467 1137 3471 .

140 3520 321 3602 Fatorum,
340 3530 380 3585 et
391 3515 509 3605 viridi,
531 3517 680 3611 genitor,
698 3507 766 3586 ceu¹
781 3531 898 3613 raptus
916 3518 959 3589 ab
979 3543 1068 3604 aevo,

141 3638 285 3704 Tartara
301 3629 393 3706 dura'
403 3635 510 3723 subis3
528 3653 596 3718 nec]
608 3629 700 3706 enim
715 3638 931 3707 Marathonia
949 3640 1045 3735 virgo

39 3763 42 3768 '
140 3756 280 3826 Parcius
299 3756 685 3826 exstinctum'saevorum
701 3758 842 3826 crimine
859 3774 1028 3853 agrestum
1043 3809 1045 3812 -
1076 3807 1077 3812 κ

141 3877 289 3946 Fleverit
309 3877 476 3966 Icarium,
486 3877 641 3974 ¹Phrygia
659 3903 762 3972 quam
781 3893 874 3948 turre
894 3861 1070 3950 cadentem

143 3998 476 4094 Astianactaparens
494 4024 502 4067 ε
522 3997 643 4094 laqueo
660 3999 743 4094 quin
761 3998 818 4068 illa
834 4023 1008 4095 supremos

144 4117 286 4189 inclusit
304 4121 450 4216 gemitus
468 4147 475 4188 :
497 4135 530 4188 at
548 4135 598 4209 te,
615 4135 690 4216 post
708 4120 825 4190 funera
846 4123 958 4217 magni
