3094 5140
111 515 146 576 (v.
159 510 230 576 ηε.)
418 507 634 565 nemancos
653 507 853 566 ulamau.

111 647 226 733 Atque
245 638 303 706 ubi
322 660 386 731 per
401 659 538 729 campos
557 659 671 704 errore
689 634 842 705 fatiscere
862 659 950 706 vano

6 789 16 818 ,·
111 757 470 852 Immeritanr'Argian
490 781 613 851 supero
633 757 780 852 respexit
800 757 849 826 ab.
864 781 943 845 axe,

113 878 267 950 Indoluit
287 879 359 946 visu
380 904 388 946 ε
408 892 442 946 et
463 875 637 946 lunaribus
656 878 757 956 obvia
776 879 863 972 bigis

113 1000 272 1071 Advertit
291 1023 450 1087 currum,
471 996 669 1093 placidaque
686 1002 733 1068 ita
751 1025 834 1069 voce
853 997 967 1070 locuta
985 1015 1060 1070 est:

115 1151 133 1186 α
148 1125 203 1191 Da
219 1121 304 1188 milri
322 1120 475 1214 poscenti
487 1145 616 1214 munus
635 1120 755 1208 breve,
773 1122 942 1214 Cynthia,
963 1123 990 1190 si
1010 1122 1088 1215 quis

113 1246 177 1312 Est
195 1242 336 1310 lunonis
353 1241 463 1309 honos
482 1266 490 1308 :
509 1254 599 1308 certe
616 1242 709 1309 ,lovis
728 1241 882 1336 improba
899 1243 994 1336 jussu

0 1410 2 1417 >
113 1366 314 1431 Ternoctem
333 1357 557 1430 Herculeam:
575 1375 702 1430 veteres
721 1361 780 1431 sed
799 1362 899 1432 mitto
919 1360 1097 1456 querelas:
1218 1406 1224 1422 -

115 1485 170 1551 En
189 1481 282 1550 locus
301 1481 441 1550 officio:
460 1478 585 1550 cultrix
603 1478 828 1576 placidissima
847 1485 954 1554 nostri

116 1603 251 1672 Inachis
269 1602 372 1696 Argia
390 1602 500 1670 cernis
518 1625 586 1694 qua
605 1616 705 1671 nocte
726 1618 878 1698 vagetur,

116 1726 191 1793 Nec
209 1724 364 1819 reperire¹
375 1724 486 1791 virum
502 1721 613 1792 densis
629 1737 730 1816 queat
749 1748 839 1820 aegra
857 1724 1026 1794 tenebris?

115 1850 164 1914 Et
184 1844 245 1914 tibi
265 1845 454 1913 nimbosum
475 1841 729 1938 languetjubar
744 1870 754 1928 ¹:
776 1869 873 1914 exere
895 1869 1008 1939 quaeso

1 2015 14 2036 a
118 1970 276 2052 Cornua,
293 1980 327 2034 et
344 1979 478 2034 assueto
496 1966 643 2059 propior¹
653 1979 786 2059 premat
803 1966 914 2034 orbita
929 1980 1047 2034 terras.

118 2091 222 2157 Hunc
242 2111 393 2180 quoque,
412 2087 470 2180 qui
487 2111 589 2155 curru
608 2085 759 2154 madidas
777 2086 839 2155 tibi
856 2111 984 2182 pronus
1003 2086 1149 2156 habenas

1 2266 2 2272 κ
117 2209 241 2296 Ducit,
261 2211 296 2277 in
317 2209 442 2278 Aonios
459 2205 576 2301 vigiles
594 2206 733 2276 demitte
750 2211 955 2302 Soporem.»

170 2331 238 2401 Vix
257 2347 439 2424 ea‚·quum
458 2329 569 2397 scissis
590 2353 750 2424 magnum
767 2327 828 2398 dea
847 2329 994 2422 nubibus
1009 2329 1127 2400 orbem

119 2449 293 2521 Protulit:
313 2474 475 2544 expavere
494 2449 639 2538 umbrae,
658 2447 837 2545 fulgorque
856 2451 981 2520 recisus

1 2645 2 2653 χ
121 2569 295 2642 Sideribus
315 2597 323 2640 :
342 2572 399 2640 vix
417 2572 489 2664 ipsa
509 2568 587 2638 tulit
607 2571 766 2640 Saturnia
785 2569 945 2640 flammas.

1 2782 2 2792 ἵ
120 2695 273 2763 Primum
294 2717 355 2787 per
374 2716 511 2785 campos
531 2690 643 2760 insuso
663 2691 807 2780 lumine,
827 2667 950 2789 peilam

120 2815 286 2909 Conjugis
304 2815 376 2908 ipsa
393 2838 471 2883 suos
487 2814 595 2882 noscit
614 2813 804 2882 miseranda
824 2811 971 2902 labores,
1083 2830 1087 2840 ¹

120 2937 327 3029 Quanquam
342 2949 434 3004 texta
450 2931 570 3021 latent,
585 2932 779 3028 suffusaque
798 2936 961 3032 sanguine
981 2950 1099 3006 moeret

1 3125 2 3134 ,
119 3061 278 3151 Purpura
292 3055 469 3150 :dumque
486 3058 577 3125 Deos
595 3070 710 3152 uocat,
728 3070 762 3124 et
779 3054 820 3124 de
838 3055 954 3126 funere
971 3081 1050 3125 caro

121 3181 197 3246 Hoc
214 3201 385 3272 superesse
403 3189 518 3276 putat,
535 3175 627 3246 videt
646 3179 756 3272 ipsum
773 3178 808 3250 iu
827 3174 964 3271 pulvere
985 3203 1079 3272 paene

120 3295 321 3368 Calcatum:
341 3296 457 3393 fugere
473 3299 813 3398 animusqvisusque,
830 3323 1017 3393 sonusque,

120 3417 330 3513 Inclusitque
349 3417 448 3487 dolor
469 3417 657 3514 lacrymas:
678 3435 760 3506 tune
779 3444 921 3515 corpore
935 3434 1011 3515 ¹toto

119 3540 300 3622 Sternitur
312 3541 347 3609 in
364 3538 496 3628 vultus,
515 3542 729 3635 animamque
747 3566 808 3636 per
827 3539 942 3610 oscula
962 3543 1081 3636 quaerit

118 3661 325 3750 Absentem²
339 3686 559 3756 pressumque
578 3664 683 3732 comis
704 3688 744 3733 ac
763 3676 851 3732 veste
871 3687 1025 3732 cruorem

114 3779 302 3851 servatura
322 3779 428 3877 legit:
446 3809 524 3852 mox
546 3783 680 3852 tandem
701 3809 789 3858 voce,
805 3767 963 3853 reversa:

171 3931 187 3966 a
205 3905 305 3970 Hunc
323 3927 387 3998 ego
405 3919 456 3991 te,
476 3904 616 4006 conjux,
635 3903 683 4005 ad
696 3903 808 3974 debita
824 3929 928 3999 regna
947 3903 1136 3998 profectum

117 4026 308 4092 Ductorem
329 4024 425 4114 belli,
443 4050 674 4121 generumque
693 4029 840 4122 potentis
858 4026 992 4096 Adrasti
1013 4089 1017 4096 .

118 4142 304 4239 Adspicio?
320 4145 461 4242 talisque
480 4150 546 4219 tuis
565 4173 707 4220 occurro
725 4145 929 4243 triumphis?

268 4291 302 4335 u.
986 4264 1026 4335 16
