3206 5136
425 513 467 568 ut
487 517 518 569 r.
541 515 571 568 r.
593 513 718 569 srlru
739 513 833 570 suv.
854 513 926 570 nu.
949 515 999 570 1v.
1024 539 1027 548 ·
1176 534 1232 588 277

223 630 283 685 Nee
296 629 371 684 enim
389 629 552 703 Tirynthius
565 631 655 684 almoe
668 630 770 684 Pecurs
783 631 920 686 amieitr'ce
934 627 973 708 (v.
992 628 1067 709 roa).
1086 655 1099 682 a
1109 633 1155 688 Sc.
1170 643 1212 688 est
1227 654 1233 687 :

179 723 284 796 Neque
303 721 380 777 enim
396 721 564 797 Tirynthius
575 721 635 794 jam
648 721 723 778 fama
736 721 865 778 amicitie
885 733 942 790 est,
963 731 1118 798 postquam
1137 736 1231 781 terum

180 812 345 886 comparari
355 805 460 886 'coepit3
472 837 484 863 n
498 814 558 868 haee
576 823 605 869 et
618 812 719 869 similia
732 815 875 884 Gronov.,
890 833 921 888 p.
936 831 991 884 271
1011 833 1068 889 sq.,
1083 815 1119 872 de
1129 800 1235 894 quilius

179 903 286 960 merito
295 903 410 960 dubitat
424 905 527 960 Markl.
543 903 660 979 Optime
676 903 801 977 conjecit
814 906 901 982 lingo
915 905 1033 962 Grotius
1047 926 1054 961 :
1070 932 1082 956 α
1092 926 1145 964 nec
1158 907 1232 964 enim

161 983 163 990 ¹
180 996 345 1054 metuentius
362 997 441 1052 almae
460 999 562 1053 Pectus
580 996 718 1054 amicitiae.
734 1021 747 1048 s
801 1065 804 1072 Ι

223 1089 318 1146 Caum
333 1091 369 1144 V.
385 1089 543 1146 alcaicum.
561 1089 716 1163 Septimius
730 1107 766 1145 ex
779 1089 876 1146 Africa
890 1091 1039 1148 oriundus.

226 1181 333 1237 Cuncta
351 1201 476 1238 vemens
480 1182 637 1256 frondibus
650 1183 753 1237 aarum
769 1178 780 1259 (
801 1224 807 1237 .
823 1179 862 1260 9).
883 1183 930 1240 Sic
943 1184 1049 1239 Markl.
1071 1181 1168 1261 (oodti
1182 1202 1234 1238 oe·

181 1270 249 1350 ris),
267 1273 368 1330 melius
382 1292 469 1348 quarn
483 1274 599 1330 criticus
613 1293 681 1330 snus
698 1271 868 1329 Wakefield.
890 1273 927 1330 ad
945 1275 1050 1345 Luca,
1066 1294 1107 1344 ιν,
1125 1272 1191 1329 550.

222 1365 315 1421 Multo
331 1367 437 1420 lumine
452 1363 490 1444 (r.
515 1363 571 1444 14).
594 1367 687 1422 Fumo
710 1383 746 1420 ex
768 1364 850 1442 igne,
869 1365 999 1422 affectate
1006 1387 1016 1438 ;
1032 1385 1060 1422 v.
1081 1368 1233 1437 Gnoson,

180 1473 212 1530 p.
228 1455 287 1511 allo
304 1475 348 1531 sq.

222 1549 277 1604 Hie
290 1567 357 1605 mea
371 1551 501 1606 carmena
519 1547 557 1629 (v.
577 1567 614 1605 aa
629 1547 714 1628 sqq.).
729 1573 742 1600 a
752 1552 788 1606 ln
806 1551 922 1606 Albano
935 1550 1020 1608 festas
1034 1549 1234 1624 Quinquatrus

179 1641 303 1698 instituit
320 1642 501 1700 Domitianus
519 1641 640 1712 Palladi,
655 1659 743 1717 quam
755 1661 814 1716 prae
827 1643 928 1699 ceteris
946 1642 1000 1699 diis
1013 1642 1126 1699 oolebat
1139 1660 1172 1698 ao
1185 1653 1234 1698 tu-

180 1736 298 1792 telarem
315 1734 371 1792 sibi
386 1745 561 1809 sumpserat,
582 1734 670 1791 immo
690 1734 774 1808 eujus
791 1733 867 1792 filius
884 1735 1029 1810 gaudebat
1045 1734 1151 1792 vocari.
1167 1757 1183 1786 u
1199 1736 1233 1790 ln
1252 1769 1256 1775 ·

180 1825 226 1882 lais
243 1825 331 1902 igitur
352 1827 601 1884 commissionibus
620 1825 697 1883 iestis
715 1844 853 1883 eoronam
876 1826 1034 1901 oleaginum
1056 1845 1171 1883 auream
1190 1837 1234 1882 ter

180 1929 380 1992 reportaverat
394 1919 540 1994 Papinius.
556 1921 649 1976 Multa
663 1919 701 1976 de
721 1919 775 1975 hao
789 1938 823 1976 re
839 1923 968 1975 Gronov.
983 1919 1096 1995 integro
1110 1937 1135 1975 o.
1148 1937 1232 1989 run,

179 2027 211 2084 r·
226 2010 285 2082 ²⁷³
300 2029 363 2086 us·

222 2103 337 2158 Relictis
350 2103 480 2174 uberibus
493 2101 532 2181 (v.
548 2101 608 2178 35).
624 2105 689 2160 Boe
704 2113 747 2159 est
760 2104 832 2158 lacre
844 2104 1009 2176 depellerem,
1024 2111 1058 2156 ut
1075 2101 1115 2157 ait
1134 2103 1230 2158 Hora-

179 2195 246 2252 tios.
261 2197 297 2250 V.
316 2196 436 2250 Maura.
451 2227 492 2238 —
508 2197 553 2252 De
565 2197 687 2252 latomo
705 2197 801 2250 Varro
817 2213 825 2248 :
839 2196 984 2249 «Jutnrna
1002 2192 1077 2248 inter
1096 2193 1231 2268 proprios

181 2287 252 2344 deos
268 2288 473 2362 Nymphasque
491 2286 643 2362 ponitur.»

220 2395 338 2448 Duloroe
351 2393 461 2448 nerairr
483 2391 592 2465 Afiicoe
605 2389 644 2460 (v.
661 2389 719 2470 38).
734 2393 782 2450 ob
796 2389 884 2449 fidem
897 2389 1041 2466 punicam.
1059 2391 1094 2446 V.
1111 2391 1228 2446 Manus.

179 2487 257 2540 Ante
273 2501 372 2558 eumne
386 2483 490 2540 oodd.:
504 2485 637 2540 Vadosoe.
653 2484 822 2541 «vadosum
835 2483 873 2540 ad
886 2483 984 2558 Syrtes
990 2491 1118 2558 spectare
1126 2492 1208 2556 puto.
1218 2507 1231 2533 s

433 2587 436 2593 '
1043 2576 1169 2632 Wuurn.

221 2670 309 2724 Aruto
322 2669 428 2724 lrrmr'rre
438 2687 577 2744 purpurce
591 2665 631 2746 (v.
648 2666 705 2747 la).
724 2671 858 2745 Angusto
872 2663 966 2725 olavo.
976 2670 1012 2724 V.
1030 2669 1150 2724 Manu.

221 2776 311 2830 Plum
321 2793 413 2848 pones
425 2771 465 2852 (r.
484 2772 542 2853 57).
555 2775 666 2830 Ponere
683 2793 740 2848 pro
759 2775 900 2846 condere,
920 2771 1062 2831 aulicum
1080 2783 1109 2830 et
1125 2783 1231 2847 poeta-

178 2886 246 2926 rum
264 2867 387 2924 verbum
405 2866 471 2923 satis
490 2866 669 2923 illustrarunt
687 2867 812 2942 interpp.
828 2867 865 2924 ad
882 2868 1001 2937 Horat„
1020 2884 1044 2923 e.
1066 2885 1091 2924 c.
1109 2865 1146 2922 ad
1170 2870 1230 2922 Are.

178 2970 260 3043 poet.⁸
266 2997 277 3026 ,
302 2977 367 3015 rao.
990 2967 994 2978 ’

221 3054 316 3110 Canu.
334 3054 385 3108 Ἦ.
402 3053 508 3110 Confer
523 3072 588 3110 oum
604 3053 661 3112 hoo
676 3053 803 3111 carmine
818 3053 947 3127 ejusdem
968 3053 1105 3109 iounoulae
1124 3049 1231 3109 descri-

120 3135 135 3142 ”
179 3145 309 3218 ptiouem
330 3144 409 3220 apud
421 3144 563 3217 Mar‘dal„
577 3163 622 3217 rx,
642 3147 745 3220 Epr'gr.
761 3153 808 3214 ll.

222 3250 362 3307 Patalis...
379 3253 469 3324 septis
488 3247 527 3328 (r.
550 3249 588 3330 a).
607 3275 620 3302 α
636 3251 723 3325 Septa
744 3252 809 3308 loca
826 3252 909 3325 juxta
930 3269 1060 3326 campum
1079 3249 1232 3318 Mannum,

180 3342 233 3398 ubi
258 3341 338 3417 signa
358 3340 500 3398 artificum
520 3352 603 3399 erant
625 3342 755 3412 venalia,
774 3354 804 3400 et
827 3342 910 3418 pueri
927 3354 956 3399 et
975 3361 1021 3399 res
1037 3340 1229 3416 pretiosiores.

181 3434 321 3504 Martini,
338 3452 386 3504 rx,
401 3435 439 3489 60
459 3453 467 3489 ε

288 3591 317 3640 ln
327 3589 401 3656 septis
413 3592 539 3641 Mammas
549 3589 591 3640 diu
605 3590 755 3656 multumque
765 3599 875 3656 vagatus,

323 3672 371 3724 nie
384 3672 515 3724 minens
527 3689 581 3725 suas
592 3691 664 3726 aurea
676 3684 753 3724 versu
764 3689 831 3741 opes.
843 3697 855 3716 .

1059 3759 1169 3814 Dour.

224 3849 307 3904 Alter
320 3847 421 3905 Castor
439 3847 478 3928 (v.
505 3849 539 3906 15
556 3849 620 3925 sep).
640 3849 798 3908 «Lucitw
816 3869 883 3908 nam
903 3867 994 3924 quum
1014 3850 1130 3906 alternis
1148 3848 1230 3904 vive-

181 3949 261 4009 rent,
281 3940 413 3997 nonnulli
429 3941 588 3998 Dioscuros
602 3941 766 3998 Luciferum
781 3952 809 3998 et
822 3944 982 4017 Hesperum
1000 3941 1129 3998 dixere·
1146 3941 1230 3996 Wro-

182 4062 223 4074 -
235 4031 281 4087 Ad
304 4051 331 4087 r.
352 4052 400 4104 17,
420 4032 456 4089 oi.
472 4033 626 4090 Schraderi
643 4035 738 4088 Anim.
759 4035 789 4088 in
803 4035 961 4102 Musaeum,
981 4052 1005 4089 o.
1026 4052 1094 4102 xvr,
1112 4050 1141 4105 p.
1163 4027 1229 4085 288.

224 4125 279 4179 Hic
293 4125 347 4180 tr'bi
365 4145 430 4201 quoe
448 4128 530 4182 docto
543 4129 658 4183 mulum
676 4127 798 4201 vtkriatn
815 4128 930 4199 Myroni
947 4125 985 4202 (v.
1008 4122 1065 4202 25).
1088 4121 1230 4180 «Parodin
