3094 5140
114 549 1024 576 wwtmwnmwtwwmwmwmwummtmmmnwmummume
1029 553 1168 574 mmmm-u

161 602 163 608 ι
491 599 494 606 ι
817 594 824 608 Ι

316 793 966 1006 Acflmuffloos

463 1245 599 1312 mem
628 1245 814 1328 emotus.
910 1331 915 1340 ,

560 1601 722 1618 -σι--ι

116 1837 444 1965 Muouturuutr
466 1891 647 1978 AEaciden,
665 1890 949 1986 formidatamque
961 1889 1111 1960 Tonanti

112 2013 330 2107 Progeniem,
349 2027 383 2082 et
403 2014 512 2107 patm'o
531 2014 672 2082 vetitam
689 2011 868 2082 succedere
886 2010 991 2099 coelo,

112 2132 217 2218 Diva,
232 2131 322 2203 refer
335 2158 344 2203 ε
358 2157 553 2228 quanquam
571 2149 645 2203 ectu
660 2135 723 2202 viri
739 2132 884 2202 multum
899 2131 1025 2227 inclyta
1040 2147 1142 2202 cantu

112 2254 278 2333 Maeonio,
295 2252 355 2324 sed
372 2251 471 2348 pluro
490 2268 635 2324 vacant:
654 2277 716 2323 noe
735 2254 785 2322 ire
802 2278 863 2347 per
881 2277 1034 2342 omnem,

112 2373 169 2441 Sic
186 2398 282 2444 amor
300 2386 369 2462 ost,
386 2377 499 2445 Heron
516 2371 619 2462 velis,
640 2377 812 2468 Scyroque
831 2373 993 2463 latentem

110 2492 271 2568 Dulichio
288 2495 442 2590 proferre
462 2495 545 2566 tubo
562 2521 570 2565 ε
587 2521 651 2566 nec
668 2497 704 2564 io
722 2499 870 2566 Hectore
888 2510 997 2567 tracto

111 2613 257 2703 sistere,
275 2613 334 2686 sod
354 2630 425 2688 tota
441 2616 600 2710 juvenem
621 2615 786 2686 deducere
804 2617 915 2711 Trojo.

111 2737 165 2804 Tu
185 2735 306 2823 modo,
324 2738 352 2806 si
368 2749 498 2806 veteres
515 2736 619 2832 digno
636 2735 843 2831 deplevimus
864 2738 1006 2826 haustu,
1126 2751 1132 2756 “

109 2858 165 2926 Da
181 2855 290 2926 fontes
306 2857 408 2942 mihi,
423 2857 568 2944 Phoebe,
586 2882 710 2945 novos,
730 2883 770 2928 oo
786 2857 908 2929 honde
926 2859 1072 2930 secunde

111 2977 218 3046 Necte
230 3001 363 3046 comas:
377 3001 488 3070 neque
502 2978 593 3045 enim
606 2979 754 3048 Aonium
770 3002 887 3048 nemus
902 2977 1032 3048 advena
1046 2977 1145 3074 pulso

111 3097 186 3166 Nec
205 3121 277 3166 mea
297 3123 389 3166 nunc
406 3097 524 3192 primis
542 3095 719 3168 albescunt
735 3112 888 3192 tempora
906 3099 1009 3170 vittis.

112 3217 184 3284 Scit
201 3217 355 3288 Diro'aeus
373 3242 453 3312 eger
469 3244 477 3290 :
496 3241 618 3312 meque
638 3195 728 3287 iirter
746 3219 856 3312 prisoa
876 3232 1054 3313 per-*cotum

111 3338 279 3423 Nomina,
298 3363 444 3432 cumque
464 3363 525 3411 suo
545 3352 728 3408 numerant
747 3338 938 3432 Amphione
952 3337 1087 3408 Thebe.

161 3462 208 3529 At
227 3474 282 3547 tu,
301 3483 402 3554 quem
423 3457 523 3555 longe
543 3461 689 3554 primum
711 3473 825 3554 stupet
840 3456 926 3527 Italo
947 3458 1074 3546 virtue,

111 3581 302 3674 Graiaque,
320 3581 375 3650 cui
396 3581 536 3676 gemino
552 3580 675 3650 florent
690 3593 876 3674 votumque
891 3565 1084 3673 ducumque

112 3701 277 3769 Certatim
296 3698 431 3789 laurus,
449 3699 530 3772 olim
551 3699 645 3770 dolet
664 3697 771 3770 altera
789 3699 899 3788 rinei,

111 3823 165 3890 Do
183 3822 330 3910 veniam,
346 3847 385 3892 oc
402 3821 571 3917 trepidum
585 3835 702 3916 petere
719 3821 785 3890 hoc
799 3819 922 3891 sudare
937 3842 1121 3916 parumper

112 3923 256 4011 Puluere
273 3967 280 4010 :
298 3957 330 4012 te
348 3941 469 4038 longo,
490 3941 634 4012 necdum
650 3940 777 4012 fidente
794 3956 915 4038 paratu

112 4061 288 4154 metimur,
308 4089 518 4162 magnusque
536 4063 598 4133 tibi
619 4061 776 4159 praeludit
794 4061 952 4135 Achilles.

163 4181 315 4254 Solveret
337 4183 484 4256 OEbelio
504 4182 703 4256 clamemde
719 4182 817 4254 litore
836 4199 952 4280 postor

924 4341 929 4352 ¹
962 4329 1013 4400 17.
