3192 5148
361 499 411 574 vnj
670 501 721 558 nn
742 504 773 558 r.
795 503 950 558 rarmro
971 501 1111 560 srsno

362 641 438 722 post
463 627 613 722 Capanei
633 624 828 722 sacrilegam
851 626 1028 698 audaciam
1053 641 1087 696 et
1114 625 1270 696 fraternas
1295 651 1413 721 pugna

362 746 485 817 scelera
499 749 622 817 territis
634 745 815 818 lectoribus
830 748 1002 818 videretur
1008 747 1168 842 languere
1181 774 1189 816 :
1204 761 1238 816 et
1250 771 1325 840 quae
1338 763 1413 816 sunt

361 867 427 937 alia
444 893 463 938 e
478 871 630 938 Statiano
646 871 850 939 narrationis
870 869 1097 966 descriptione
1116 869 1315 966 pendentia,
1332 867 1415 937 indi·

361 1004 435 1057 cata
463 987 519 1058 illa
541 1013 618 1058 cum
638 991 756 1059 ceteris
776 990 1104 1061 memorabilioribus
1127 989 1168 1059 de
1186 990 1350 1085 poematis
1366 1015 1415 1058 ar·

360 1124 522 1201 gumento
538 1124 572 1179 et
587 1111 789 1179 tractatione
808 1097 906 1205 apud
918 1109 1148 1197 Welckerum,
1167 1108 1189 1177 l.
1203 1133 1233 1178 c.

412 1230 525 1299 Verbo
547 1231 754 1300 mentionem
778 1231 940 1325 injiciam
956 1232 1095 1301 Pontici
1116 1243 1241 1326 poetae,
1269 1231 1328 1324 qui
1355 1233 1417 1300 Au·

359 1353 449 1446 gusti
478 1351 545 1421 fere
564 1377 636 1421 aevo
662 1351 872 1422 Thebaidem
898 1353 1051 1449 scripsit,
1078 1351 1154 1437 sed,
1185 1351 1313 1445 absque
1337 1353 1417 1418 Pro·

360 1473 469 1567 partio
486 1487 587 1558 esset,
618 1487 768 1542 maneret
786 1475 932 1567 ignotus.
947 1476 991 1542 V.
1014 1475 1159 1567 interpp.
1185 1470 1229 1540 ad
1249 1461 1417 1565 Propert,

360 1616 390 1680 1,
415 1607 447 1691 7,
466 1595 563 1679 init,
584 1587 769 1688 praesertim
789 1585 1051 1690 Bunmauu.,'p.
1075 1618 1131 1691 70.
1270 1581 1274 1588 ⁸

409 1717 469 1784 111.
489 1719 730 1785 Acmrnaroos
747 1705 890 1800 lt'bn'II,
910 1703 1112 1809 quam'mors
1124 1729 1327 1809 praematura
1342 1716 1417 1784 Sta·

360 1837 445 1906 tium
460 1832 632 1906 absolvere
648 1835 834 1932 prohibuit.
850 1837 938 1905 Nam
957 1835 1144 1906 Britannici
1164 1849 1197 1904 et
1207 1834 1351 1905 aliorum
1367 1861 1419 1904 er-
1497 1871 1504 1882 ·
1582 1824 1583 1846 ¹

358 1979 427 2044 ror,
443 1957 605 2026 etiam'ab
621 1947 785 2026 Lemaerio
803 1958 985 2052 repetitus,
1003 1956 1105 2025 nimis
1122 1971 1259 2051 apertus
1281 1969 1342 2026 est.
1367 1958 1419 2027 Ne

359 2076 545 2146 secundum
563 2076 699 2171 quidem
719 2075 843 2147 librum
863 2076 984 2147 finivit.
999 2081 1040 2147 ln
1058 2079 1156 2148 MSS.
1176 2075 1245 2146 lere
1264 2078 1300 2146 in
1320 2078 1419 2171 quin·

359 2221 425 2289 que
444 2195 551 2267 libros
569 2198 677 2267 divisa
700 2213 817 2268 exstat.
1442 2193 1446 2202 ’

327 2321 333 2340 ”
409 2319 607 2388 Domitiani
622 2324 690 2389 Res
703 2332 820 2412 gestas
850 2321 885 2387 in
903 2343 1012 2414 agone
1032 2317 1166 2389 Albano
1183 2343 1218 2388 se
1236 2307 1420 2388 celebrasse

246 2487 254 2513 ι
358 2437 527 2532 significat
544 2439 624 2510 silv.
652 2464 704 2528 ιιι,
721 2466 758 2528 2,
777 2437 824 2511 65
843 2465 892 2534 sq.
915 2465 924 2509 ι
946 2465 1029 2535 quas
1049 2465 1093 2510 an
1112 2441 1146 2509 in
1166 2465 1287 2510 manus
1309 2439 1419 2508 bomi-

359 2583 442 2628 num
459 2559 575 2629 venire
595 2559 750 2653 jusserit,
771 2561 937 2630 incertum
957 2576 1016 2630 est
1041 2563 1093 2630 De
1113 2562 1236 2655 Agave
1257 2559 1421 2653 tragoedia

360 2678 445 2748 nibil
455 2681 579 2750 scimus
590 2695 712 2775 praeter
727 2706 781 2770 ea,
796 2707 871 2776 quae
882 2681 1053 2752 luvenalis
1070 2681 1199 2752 indicat
1217 2681 1291 2750 loco
1303 2679 1415 2750 allato.

840 2866 857 2970 ς’
876 2902 928 2957 ιιι.

712 3089 1057 3158 SCHOLIASTAE.

405 3282 493 3371 Quae
515 3281 560 3351 ad
583 3281 691 3352 Silvas
722 3278 904 3377 adscripto
923 3281 1083 3376 leguntur
1111 3279 1228 3374 glossar
1250 3295 1284 3350 et
1300 3281 1419 3354 breves

356 3401 594 3500 explicationes
618 3405 652 3478 in
680 3404 796 3474 codice
818 3405 1017 3490 Parisicnsi,
1043 3401 1293 3499 postmodium
1316 3428 1419 3472 saecu-

357 3521 427 3595 lum
451 3551 496 3594 xv
516 3540 670 3612 exarato,
702 3523 800 3594 valde
827 3539 977 3594 recentes
1005 3538 1085 3593 sunt
1119 3539 1152 3594 et
1177 3538 1256 3618 post
1281 3539 1416 3595 renatas

356 3642 484 3714 litteras
509 3644 614 3714 sactae.
643 3645 708 3714 Sed
730 3641 875 3740 antiqua
899 3645 1031 3715 scholia
1051 3659 1184 3714 exstant
1202 3644 1249 3713 ad
1268 3645 1415 3714 Thebai·

358 3763 435 3835 dem
450 3781 485 3835 et
503 3764 734 3837 Achilleidem.
762 3766 914 3834 Primum
939 3780 1020 3835 nota
1046 3765 1104 3834 illa
1129 3769 1310 3837 Lactantsi'
1330 3766 1380 3836 Pl
1401 3803 1416 3822 ·

355 3885 428 3956 cidi
429 3938 441 3969 ,
453 3887 549 3981 cujus
564 3887 627 3958 sub
638 3887 775 3956 nomine
791 3885 1018 3980 ctiamglossae
1030 3901 1157 3955 veteres
1173 3885 1285 3956 latinae
1295 3885 1417 3978 (multo

355 4005 492 4100 quidem
512 4009 711 4102 integriores
731 4009 766 4078 in
796 4007 894 4078 codd.
913 4009 1074 4078 Parisinis
1093 4033 1196 4101 quam
1223 4010 1258 4077 in
1279 4009 1415 4078 Vatica-

356 4127 430 4216 nis,
450 4127 542 4198 unde
564 4152 619 4198 eas
643 4127 749 4198 edidit
768 4128 862 4222 Aug.
883 4127 1020 4221 Maius)
1040 4143 1074 4198 et
1091 4143 1290 4222 argumenta
1314 4133 1416 4200 Meta—
