3156 5138
108 519 141 574 tv.
156 515 210 574 ar.)
433 506 627 564 SILVARUM
649 507 758 564 LIBER
782 502 831 562 lll.
1001 521 1010 544 ¹
1117 497 1154 560 83

109 637 218 731 [Mira
236 634 335 728 fides)
353 634 532 728 nigrasque
551 648 649 727 putat
665 655 861 727 properasse
876 617 1017 702 sorores.

87 753 285 838 ,Exsultent
303 752 425 849 placidi
443 755 577 823 Lethaea
596 755 639 823 ad
660 754 799 823 flumina
816 776 946 839 manes3
967 739 968 744 ἵ

109 876 230 972 Elysiae
247 875 390 973 gaudete
404 875 542 962 dornus3
561 876 636 944 data
655 890 743 945 serta
759 897 928 968 peroras,

110 1003 274 1092 chtaque
294 995 456 1091 pallentes
470 994 614 1065 hilarent
630 987 751 1065 altaria
764 995 866 1064 lucos.

161 1117 266 1205 Felix,
280 1114 361 1187 hou!
382 1117 524 1186 nimium
540 1114 635 1201 felix,
646 1114 844 1210 plorataque
861 1129 942 1184 nato

110 1239 243 1314 Umbra
263 1238 365 1307 venit.
388 1240 505 1330 longe
521 1236 698 1306 Furiarum
714 1235 827 1318 sibila,
848 1233 947 1330 longe

110 1360 333 1455 Tergeminus
351 1345 463 1428 custo}
485 1384 493 1426 ε
516 1358 649 1451 penitus
667 1358 720 1426 via
740 1355 841 1452 longa
855 1371 1004 1451 patescat

111 1480 273 1549 Manibus
290 1479 433 1573 egregiis
451 1503 458 1546 :
476 1491 546 1566 eat,
563 1477 837 1571 horrendumque
854 1476 981 1549 silentis

113 1599 266 1669 Accedat
282 1598 410 1667 domini
426 1596 563 1686 solium,
584 1573 759 1692 gratesque
777 1605 948 1692 supremas

113 1720 281 1807 Perierat,
299 1733 333 1787 et
349 1715 487 1791 totidem
501 1717 616 1810 juveni
630 1732 725 1811 roget
740 1720 859 1787 anxius
872 1743 987 1789 annos.

104 1877 117 1887 -
163 1842 277 1908 Macte
292 1839 351 1932 pio
368 1834 507 1934 gemitu!
529 1837 682 1906 dabimus
703 1838 820 1907 solatia
840 1837 949 1933 dignis

113 1959 296 2048 Luctibus,
314 1959 506 2052 Aoniasque
522 1973 582 2027 tuo
597 1958 800 2027 sacrabimus
821 1957 910 2027 ultro

64 2129 69 2134 -
113 2079 271 2168 Inferias,
288 2082 443 2165 Etrusca,
464 2077 543 2148 seni.
562 2081 614 2146 Tu
633 2076 745 2172 largus
760 2081 829 2149 an

115 2201 299 2288 Germina,
313 2215 350 2269 tu
366 2215 489 2268 messes
505 2181 715 2292 Cilicumque
731 2199 948 2293 Arabumque
965 2199 1115 2293 superbis

114 2325 236 2417 Mergc
253 2322 343 2416 rogis
361 2347 369 2388 ε
391 2319 476 2389 serat
496 2320 583 2415 ignis
601 2343 681 2412 opes
698 2317 855 2408 haeredis,
875 2335 908 2388 et
926 2318 994 2388 alto

114 2447 250 2538 Aggere
266 2441 399 2510 missuri
416 2439 522 2510 nitido
538 2441 593 2534 pia
608 2439 724 2508 nubila
742 2440 825 2509 coelo

117 2565 296 2656 Stipcntur
312 2562 441 2630 cineras
458 2586 466 2628 r
485 2585 547 2629 nos
566 2585 634 2628 non
652 2584 769 2629 arsura
788 2560 933 2630 seramus

114 2686 277 2770 Munera;
295 2696 520 2775 vcnnrrosque
540 2695 618 2750 tuus
635 2679 768 2750 durabit
787 2681 822 2750 in
842 2700 964 2772 annos,

114 2797 178 2873 ¹Me
194 2815 417 2889 monstrante,
431 2798 549 2871 dolor:
569 2825 675 2895 neque
691 2801 780 2869 enim
798 2799 881 2870 mihi
897 2802 977 2872 llere
994 2817 1163 2897 parentem

116 2929 295 3020 Ignotum,
312 2938 346 2993 et
362 2920 485 2994 similes
504 2923 615 3017 gemui
634 2923 803 3016 projectus
820 2923 861 2992 ad
880 2925 982 3020 ignes.

114 3044 178 3116 Ille
199 3045 282 3114 mihi
301 3058 359 3113 tua
378 3043 498 3113 damna
516 3042 584 3114 dies
602 3047 807 3138 compescere
822 3059 922 3115 cantu

115 3163 264 3253 scadan
282 3180 316 3234 et
332 3166 401 3258 ipse
415 3162 497 3251 tuli,
513 3187 596 3257 quos
612 3175 701 3232 nunc
717 3164 777 3233 tibi
799 3164 951 3254 confero,
974 3181 1117 3260 questus.

165 3288 247 3356 Non
265 3267 329 3353 tibi
346 3283 433 3353 clara
454 3283 607 3376 quidem,
628 3285 738 3354 senior
753 3283 991 3379 placidissime,
1011 3285 1118 3380 gentis

115 3398 242 3494 Linea,
260 3429 320 3473 nec
335 3404 468 3499 proavis
487 3402 665 3472 demissum
685 3418 841 3492 stemma3
858 3404 914 3474 scd
933 3407 1047 3500 ingens

114 3524 291 3621 Supplevit
300 3528 447 3596 Fortuna
464 3549 586 3620 genus,
605 3525 803 3621 culpamque
821 3542 998 3621 parentum

115 3645 278 3717 Occuluit
297 3673 305 3716 ε
326 3648 537 3740 nequeenim
555 3644 706 3716 dominos
723 3645 764 3718 de
782 3645 879 3741 plebe
895 3647 1019 3737 tulisti;
1127 3697 1128 3705 κ

60 3771 70 3782 “
113 3765 183 3838 Sed
204 3767 325 3861 quibus
344 3791 477 3837 occasus
497 3765 622 3862 pariter
640 3765 845 3838 famulantur
863 3783 896 3837 et
915 3783 1018 3838 ortus.

114 3891 190 3959 Nec
206 3886 317 3982 pudor
333 3889 393 3958 istc
409 3888 492 3958 tibi:
511 3887 593 3983 qnid
610 3889 696 3957 enim
716 3890 877 3982 terrisque
891 3888 1036 3984 poloque

114 4007 260 4079 Parandi
277 4010 347 4078 sine
364 4008 435 4103 lege
452 4007 583 4078 manet?
601 4010 671 4078 vice
686 4023 805 4078 cuncta
820 3997 998 4104 reguntur,

116 4129 328 4224 Alternisque
345 4143 466 4225 regunt
487 4156 494 4198 :
513 4129 657 4224 propriis
672 4129 734 4198 sub
751 4129 882 4218 regibus
898 4130 1006 4198 omnis

905 4247 1021 4348 *6⁶
1144 4227 1154 4256 i
