3206 5136
420 449 456 512 aa
737 443 958 502 THEBMDOS
980 442 1092 502 nmen
1114 447 1149 526 tl.
1359 449 1474 510 (vass.)

417 569 625 658 Thoracum,
645 581 679 638 et
698 568 792 639 vultu
813 569 923 666 galeas
941 573 1068 649 intrare
1086 571 1196 640 soluto

418 692 496 761 Non
514 689 617 784 pudet
635 716 644 759 τ
665 689 807 760 audaces
825 691 942 760 rubuit
958 693 1081 760 mirata
1097 705 1248 762 catervas

416 809 542 897 Pallas,
562 823 596 879 et
614 809 754 880 adverso
773 812 848 880 risit
865 810 1035 880 Gradivus
1054 815 1090 880 in
1109 815 1235 882 Haemo.

414 935 510 1000 Tunc
528 933 675 1024 primum
691 955 733 999 ex
751 932 871 1000 animis
887 953 1036 1027 preceps
1054 934 1200 1001 amentia
1218 934 1318 1002 cessit
1337 958 1347 1004 r

414 1052 485 1121 Nee
501 1052 582 1120 ratis
599 1049 657 1120 illa
675 1049 764 1140 salo,
782 1052 840 1122 sed
857 1053 984 1152 Divum
1003 1075 1078 1124 sera
1095 1077 1157 1148 per
1173 1077 1290 1147 aequor

411 1174 560 1262 lustitia,
579 1186 613 1244 et
630 1197 737 1268 poenae
755 1172 918 1244 scelerum
937 1173 1118 1244 advenum
1136 1173 1302 1244 videntur.

461 1323 478 1358 α
489 1297 630 1388 Jamque
647 1294 787 1364 aderant
805 1309 919 1382 terrae,
936 1309 1101 1388 quantum
1118 1296 1286 1388 Gortynia
1302 1311 1444 1364 eurumt

411 1414 563 1509 Spicula,
583 1415 729 1485 caeruleo
746 1415 920 1511 gravidam
939 1439 1044 1508 quum
1062 1416 1217 1508 luppiter
1236 1413 1335 1484 imbri

410 1539 487 1630 ipsa
504 1561 605 1632 super
623 1537 749 1607 nubem
766 1539 848 1606 ratis
868 1549 1074 1604 amnamenta
1093 1531 1238 1630 Pelasgae

409 1658 503 1726 Sistit
521 1681 622 1753 agens
640 1683 649 1726 ε
668 1657 748 1726 inde
766 1659 890 1726 horror
906 1657 1018 1750 aquis,
1033 1669 1067 1726 et
1083 1669 1200 1750 raptus
1217 1656 1259 1724 ab
1276 1658 1368 1726 ornni

408 1777 486 1850 Sole
504 1779 593 1869 dies,
613 1782 730 1849 miscet
747 1779 919 1866 tenebras,
936 1780 1013 1872 quis
1030 1779 1185 1872 protinus
1205 1778 1296 1848 unda

409 1901 577 1970 Concolor
596 1927 604 1970 ε
624 1902 740 1971 obnixi
759 1899 908 1970 lacerant
926 1923 1009 1970 cava
1028 1897 1144 1968 nubila
1165 1901 1273 1988 venti,

408 2024 647 2120 Diripiantque
664 2021 787 2093 fretum
808 2047 817 2090 t
838 2022 943 2116 nigris
961 2019 1048 2090 redit
1065 2019 1206 2089 humida
1224 2020 1320 2089 tellus

406 2145 616 2232 Vorticibus,
635 2159 811 2238 totumque
828 2143 928 2214 Notis
946 2142 1159 2236 portantibus
1176 2165 1291 2236 sequor

405 2266 546 2357 Pendet,
566 2281 600 2336 et
617 2280 748 2360 aeqnato
765 2266 836 2360 jam
851 2265 927 2358 jam
942 2287 1048 2358 prope
1065 2261 1174 2331 sidera
1191 2260 1294 2332 dorso

404 2389 613 2484 Frangitur:
635 2388 769 2456 incertae
785 2388 855 2480 jam
873 2409 936 2454 nec
958 2385 1052 2478 prior
1069 2384 1214 2478 impetus
1234 2383 1331 2468 alno,

400 2509 468 2580 sed
486 2508 592 2596 labat,
606 2522 792 2578 exstantem
808 2509 927 2578 rostris
944 2506 1046 2576 modo
1065 2508 1198 2601 gurgite
1216 2508 1251 2574 in
1270 2507 1354 2592 imo,

402 2629 504 2701 Nunc
520 2629 604 2700 coelo
624 2630 767 2700 Tritona
786 2628 894 2698 ferens
914 2655 922 2696 ε
943 2653 1004 2696 nec
1021 2627 1145 2695 robora
1164 2641 1308 2721 prosunt

402 2750 592 2822 Semideum
611 2751 771 2840 heroum,
789 2773 1004 2845 puppemque
1023 2749 1141 2817 insana
1161 2747 1307 2842 flagellat

402 2873 538 2943 Arbor:
560 2887 593 2942 et
612 2870 759 2942 instabili
777 2871 1001 2967 procumbens
1020 2867 1168 2963 pondere
1188 2891 1309 2937 curvas

401 2996 527 3088 Raptat
544 3019 663 3089 aquas,
682 2995 832 3087 remique
850 2991 975 3063 cadunt
994 2992 1030 3060 in
1050 3004 1167 3086 pectus
1185 2993 1312 3060 inanes.

423 3165 427 3194 ,
449 3117 545 3185 «Nos
556 3139 691 3210 quoque
703 3137 764 3209 per
773 3137 893 3208 rupes,
907 3137 1151 3206 murorumque
1162 3137 1285 3207 aggere
1296 3113 1340 3180 ab
1350 3113 1458 3196 omni,

401 3240 491 3305 Dum
510 3235 606 3306 labor
621 3235 678 3305 ille
694 3235 790 3322 viris,
807 3234 958 3328 fretaque
973 3233 1208 3327 indignantur,
1226 3245 1260 3300 et
1276 3235 1411 3317 Austri,

400 3359 553 3452 Desuper
569 3356 723 3425 invalidis
742 3357 907 3424 fluitantia
924 3354 989 3424 tela
1007 3351 1155 3440 lacertis,

400 3477 492 3566 Quid
510 3501 580 3546 non
597 3502 678 3547 ausa
696 3475 839 3546 manus?
856 3475 1040 3547 Telamona
1059 3491 1092 3544 et
1111 3474 1209 3544 Pelea
1228 3491 1347 3554 contra

400 3599 612 3693 Spargimur,
633 3614 667 3668 et
686 3613 802 3667 nostm
823 3599 949 3692 petitur
965 3595 1162 3690 Tirynthius
1182 3621 1272 3664 arcu.

399 3716 451 3786 llli
466 3720 591 3812 qnippe
603 3719 702 3787 simul
718 3717 825 3808 bello,
839 3717 1025 3814 pelagoque
1039 3717 1205 3787 laborant.

400 3843 479 3908 Pars
497 3837 619 3934 clypeis
635 3843 767 3910 munire
782 3856 905 3926 ratem;
919 3865 998 3935 pars
1013 3865 1148 3934 aequora
1163 3841 1269 3909 fundo

399 3961 544 4054 Egerere
563 3985 571 4028 ε
593 3975 645 4030 ast
664 3960 719 4030 alii
739 3979 907 4058 pugnant,
928 3963 986 4032 sed
1006 3965 1127 4031 inertia
1146 3976 1240 4030 motu

399 4081 565 4173 Corpora,
582 4106 818 4179 suspensaque
834 4099 948 4154 carent
966 4085 1143 4154 conamine
1161 4083 1258 4152 vires.
