3094 5140
78 537 203 598 (ms.)
399 535 616 594 rnnslrnos
639 537 750 595 mna
772 540 811 595 a
1087 563 1142 621 ¹79

78 662 210 751 Arbor,
231 676 266 731 et
283 663 419 732 attoniti
437 687 579 732 currum
599 688 735 734 erexere
754 663 878 735 leones.

40 805 42 808 ·
131 785 284 854 Ventum
303 781 347 853 ad
365 782 502 854 concilii
518 783 707 880 penetrale,
727 783 933 883 domumque
949 793 1128 863 verendam

77 907 285 1000 Signorum‚
300 906 434 1000 magnis
450 905 509 975 uhi
528 905 658 976 dudum
678 891 832 978 cladibus
847 933 950 1004 aeger,

76 1030 211 1095 Rerum
230 1041 380 1098 extrema
398 1031 554 1116 movens,
575 1027 701 1098 frustra
721 1028 889 1101 consultat
907 1032 1083 1104 Adrastus.

76 1150 177 1216 Stant
194 1149 322 1218 circum
337 1148 440 1218 subiti
457 1171 627 1244 proceres,
649 1165 687 1218 nt
707 1151 849 1244 quisque
865 1169 1017 1246 peremto

75 1269 274 1358 Proximus,
291 1283 326 1338 et
346 1269 478 1366 magnis
495 1266 570 1340 loca
588 1268 737 1341 desolata
753 1285 893 1342 tuentur

74 1390 243 1485 Regibus,
262 1390 354 1461 haud
374 1389 458 1478 laeti,
476 1415 579 1487 seque
596 1393 665 1463 hue
684 1395 829 1464 crevisse
850 1393 1011 1466 dolentes.

76 1513 159 1581 Non
178 1536 274 1581 secus
289 1514 413 1583 amisso
429 1513 579 1583 medium
599 1538 704 1608 quum
722 1515 865 1609 praeside
884 1519 1009 1612 puppis

76 1633 195 1727 Fregit
214 1633 300 1718 iter,
319 1633 409 1702 subit
429 1633 473 1702 ad
490 1635 585 1704 vidui
604 1634 835 1706 moderamina
854 1635 939 1708 elavi

73 1755 149 1822 Aut
167 1749 312 1822 laterum
331 1769 461 1842 custos,
482 1771 542 1825 aut
557 1780 659 1850 quem
679 1781 782 1852 penes
802 1758 904 1828 obvia
921 1774 1027 1855 ponto

73 1876 183 1942 Prora
198 1873 262 1943 tuit
280 1899 289 1943 ε
307 1889 421 1970 stupet
440 1878 513 1971 ipsa
531 1879 634 1967 ratis,
653 1877 814 1972 ωᾶεᾳυθ
833 1898 1021 1975 sequuntur

72 1997 200 2084 Arma,
218 2019 283 2066 nee
303 1995 433 2066 accedit
451 1996 591 2068 domino
609 1998 717 2069 tutela
734 2001 869 2072 minori.

72 2117 169 2210 Ergo
184 2113 295 2187 alacer
315 2093 465 2213 trepides
481 2120 531 2188 sie
547 2121 648 2217 erigit
666 2146 775 2218 augur
792 2124 939 2194 Achivos
960 2152 968 2194 ι

120 2265 137 2298 α
148 2239 275 2332 Magna
294 2237 394 2308 deum
413 2239 590 2330 mandata,
605 2241 725 2331 duces,
738 2246 955 2340 monitusque
967 2249 1131 2321 verendos

71 2355 281 2428 Advehimus
299 2385 308 2428 :
325 2385 394 2429 nnn
409 2358 465 2430 hae
479 2378 595 2433 nostro
611 2363 654 2433 de
672 2378 809 2458 pectore
825 2391 934 2438 vonas.

70 2474 136 2545 Ille
155 2477 264 2566 enuit,
285 2481 340 2549 eui
361 2505 414 2550 me
433 2481 608 2571 famulari,
627 2500 662 2555 et
679 2511 812 2558 sumere
832 2491 932 2559 vittas

70 2599 196 2668 Vestra
213 2597 311 2689 fides,
329 2601 494 2696 ipso-non
513 2603 742 2698 discordante,
761 2611 905 2707 subegit.

70 2718 152 2786 Nox
169 2718 325 2792 foecunda
345 2747 507 2818 operum,
524 2725 743 2824 pulchrasque
761 2736 978 2806 adcommoda
996 2736 1107 2808 fraudi

69 2837 239 2909 Panditur
255 2844 399 2937 augurio
416 2846 543 2916 Divum
565 2872 573 2916 ε
596 2864 694 2919 voest
712 2853 811 2923 obvia
832 2856 956 2945 virtus,

68 2962 116 3029 Et
129 2961 237 3054 poscit
254 2965 404 3034 Fortuna
424 2991 544 3038 manus
563 2995 572 3038 ε
593 2985 705 3067 stupet
724 2975 846 3044 obruta
865 3003 982 3048 sonmo

68 3079 243 3151 Aonidum
259 3081 347 3179 legin
363 3111 373 3155 ε
391 3100 523 3183 tempus
542 3114 633 3161 nunc
652 3090 772 3164 funere
788 3121 906 3192 regum

70 3197 220 3292 ulcisci,
234 3204 464 3302 miserumque
483 3209 572 3280 diem
590 3237 598 3280 ε
621 3215 730 3309 rapite
745 3238 859 3307 arma,
876 3243 1054 3314 morasque

67 3322 231 3418 Frangite
246 3341 423 3420 portarum
444 3356 454 3398 :
473 3331 571 3401 sociis
591 3331 657 3404 hoe
677 3335 820 3405 subdere
838 3337 1009 3428 flammas,

68 3444 146 3512 Hoc
163 3443 333 3516 tumulare
348 3473 426 3519 suos
445 3476 454 3519 τ
472 3451 629 3546 equidem
648 3455 715 3525 hee
732 3473 766 3525 et
783 3460 895 3528 Marte
911 3458 1033 3530 diurno

67 3565 162 3636 Dum
179 3589 233 3636 res
251 3567 421 3658 infracta,
440 3571 596 3668 pulsique
614 3577 649 3645 in
667 3592 763 3674 terga
779 3579 947 3669 redimus,

66 3680 155 3780 (Per
173 3685 325 3780 tripodas
340 3690 439 3782 juro,
459 3707 494 3761 et
513 3697 602 3790 rnpti
621 3721 710 3768 nova
727 3699 797 3769 lata
817 3702 1008 3800 magistri,)

66 3801 169 3894 Vidi,
188 3820 295 3876 etms
316 3809 470 3882 volueres
490 3815 616 3885 circum
639 3817 791 3913 plausere
809 3824 975 3895 secunda.

65 3923 136 3996 Sed
153 3950 244 4001 nune
261 3945 353 4000 certa
371 3930 454 4002 fides
471 3960 480 4004 :
500 3936 603 4007 modo
621 3963 676 4007 me
692 3939 756 4009 sub
774 3958 874 4012 nocte
890 3944 999 4015 silenti

64 4047 163 4140 Ipse,
182 4047 254 4143 ipse
272 4075 448 4150 assurgens
468 4056 589 4127 iterum
608 4057 729 4132 tellure
750 4061 878 4156 soluta,

63 4165 185 4256 Qualis
203 4186 276 4240 erat
292 4170 402 4271 (solos
420 4175 585 4250 infecerat
605 4181 725 4252 umbra
740 4184 908 4282 jugales),

937 4334 988 4379 12.
