<?xml version="1.0" encoding="UTF-8"?>
<!DOCTYPE html PUBLIC "-//W3C//DTD XHTML 1.0 Transitional//EN"
    "http://www.w3.org/TR/xhtml1/DTD/xhtml1-transitional.dtd">
<html xmlns="http://www.w3.org/1999/xhtml" xml:lang="en" lang="en">
 <head>
  <title>
</title>
<meta http-equiv="Content-Type" content="text/html;charset=utf-8" />
  <meta name='ocr-system' content='tesseract 3.04.00' />
  <meta name='ocr-capabilities' content='ocr_page ocr_carea ocr_par ocr_line ocrx_word'/>
</head>
<body>
  <div class='ocr_page' id='page_1' title='image "./operaquaeextant00dbgoog_0380.png"; bbox 0 0 3206 5136; ppageno 0'>
   <div class='ocr_carea' id='block_1_1' title="bbox 199 432 1252 512">
    <p class='ocr_par' dir='ltr' id='par_1_1' title="bbox 199 432 1252 512">
     <span class='ocr_line' id='line_1_1' title="bbox 199 432 1252 512; baseline -0.006 -14"><span class='ocrx_word' id='word_1_1' title='bbox 199 451 316 512; x_wconf 62' lang='lat' dir='ltr'><strong>(mss.)</strong></span> <span class='ocrx_word' id='word_1_2' title='bbox 523 439 737 498; x_wconf 73' lang='lat' dir='ltr'><strong>Tttttttlmos</strong></span> <span class='ocrx_word' id='word_1_3' title='bbox 756 438 866 494; x_wconf 74' lang='lat' dir='ltr'><strong>um</strong></span> <span class='ocrx_word' id='word_1_4' title='bbox 888 437 922 491; x_wconf 74' lang='lat' dir='ltr'><strong>V.</strong></span> <span class='ocrx_word' id='word_1_5' title='bbox 1214 432 1252 504; x_wconf 78' lang='lat'><strong>39</strong></span> 
     </span>
    </p>
   </div>
   <div class='ocr_carea' id='block_1_2' title="bbox 200 560 1221 2584">
    <p class='ocr_par' dir='ltr' id='par_1_2' title="bbox 200 560 1221 2584">
     <span class='ocr_line' id='line_1_2' title="bbox 252 560 1221 662; baseline -0.011 -24"><span class='ocrx_word' id='word_1_6' title='bbox 252 606 269 638; x_wconf 67' lang='lat' dir='ltr'><strong>s</strong></span> <span class='ocrx_word' id='word_1_7' title='bbox 281 577 375 644; x_wconf 84' lang='lat' dir='ltr'><strong>Tunc</strong></span> <span class='ocrx_word' id='word_1_8' title='bbox 391 571 538 662; x_wconf 87' lang='lat' dir='ltr'><strong>primum</strong></span> <span class='ocrx_word' id='word_1_9' title='bbox 559 590 629 636; x_wconf 86' lang='lat' dir='ltr'><strong>sese</strong></span> <span class='ocrx_word' id='word_1_10' title='bbox 648 563 788 659; x_wconf 72' lang='lat' dir='ltr'><strong>trepidis</strong></span> <span class='ocrx_word' id='word_1_11' title='bbox 806 563 868 632; x_wconf 90' lang='lat' dir='ltr'><strong>sub</strong></span> <span class='ocrx_word' id='word_1_12' title='bbox 887 575 984 630; x_wconf 88' lang='lat' dir='ltr'><strong>nocte</strong></span> <span class='ocrx_word' id='word_1_13' title='bbox 1002 560 1181 654; x_wconf 84' lang='lat' dir='ltr'>Thyoneus</span> <span class='ocrx_word' id='word_1_14' title='bbox 1217 613 1221 620; x_wconf 74' lang='grc'><em>,</em></span> 
     </span>
     <span class='ocr_line' id='line_1_3' title="bbox 200 684 938 783; baseline -0.022 -17"><span class='ocrx_word' id='word_1_15' title='bbox 200 697 355 780; x_wconf 79' lang='lat' dir='ltr'>Detexit,</span> <span class='ocrx_word' id='word_1_16' title='bbox 371 704 451 760; x_wconf 84' lang='lat' dir='ltr'><strong>nato</strong></span> <span class='ocrx_word' id='word_1_17' title='bbox 471 702 609 783; x_wconf 84' lang='lat' dir='ltr'><strong>portans</strong></span> <span class='ocrx_word' id='word_1_18' title='bbox 626 700 773 756; x_wconf 74' lang='lat' dir='ltr'><strong>exuema</strong></span> <span class='ocrx_word' id='word_1_19' title='bbox 792 684 938 752; x_wconf 81' lang='lat' dir='ltr'><strong>Thoanti</strong></span> 
     </span>
     <span class='ocr_line' id='line_1_4' title="bbox 201 799 1210 898; baseline -0.014 -14"><span class='ocrx_word' id='word_1_20' title='bbox 201 811 374 898; x_wconf 89' lang='lat' dir='ltr'><strong>Subsidia,</strong></span> <span class='ocrx_word' id='word_1_21' title='bbox 392 825 427 879; x_wconf 90' lang='lat' dir='ltr'><strong>et</strong></span> <span class='ocrx_word' id='word_1_22' title='bbox 444 807 548 878; x_wconf 86' lang='lat' dir='ltr'><strong>multa</strong></span> <span class='ocrx_word' id='word_1_23' title='bbox 569 807 698 878; x_wconf 89' lang='lat' dir='ltr'><strong>subitus</strong></span> <span class='ocrx_word' id='word_1_24' title='bbox 718 829 794 876; x_wconf 90' lang='lat' dir='ltr'><strong>cum</strong></span> <span class='ocrx_word' id='word_1_25' title='bbox 814 803 887 872; x_wconf 91' lang='lat' dir='ltr'><strong>luce</strong></span> <span class='ocrx_word' id='word_1_26' title='bbox 905 799 1045 872; x_wconf 81' lang='lat' dir='ltr'><strong>refulsit.</strong></span> <span class='ocrx_word' id='word_1_27' title='bbox 1126 875 1150 892; x_wconf 87' lang='lat'><strong>..</strong></span> <span class='ocrx_word' id='word_1_28' title='bbox 1207 876 1210 884; x_wconf 30' lang='lat' dir='ltr'><em>s</em></span> 
     </span>
     <span class='ocr_line' id='line_1_5' title="bbox 201 924 986 1030; baseline -0.019 -25"><span class='ocrx_word' id='word_1_29' title='bbox 201 935 336 1030; x_wconf 81' lang='lat' dir='ltr'><strong>Agnovi</strong></span> <span class='ocrx_word' id='word_1_30' title='bbox 359 958 367 1000; x_wconf 74' lang='grc' dir='ltr'><strong><em>ε</em></strong></span> <span class='ocrx_word' id='word_1_31' title='bbox 388 955 457 999; x_wconf 91' lang='lat' dir='ltr'><strong>non</strong></span> <span class='ocrx_word' id='word_1_32' title='bbox 477 928 531 998; x_wconf 91' lang='lat' dir='ltr'><strong>ille</strong></span> <span class='ocrx_word' id='word_1_33' title='bbox 550 926 685 1022; x_wconf 83' lang='lat' dir='ltr'><strong>quictem</strong></span> <span class='ocrx_word' id='word_1_34' title='bbox 705 927 872 1020; x_wconf 74' lang='lat' dir='ltr'><strong>turgentia</strong></span> <span class='ocrx_word' id='word_1_35' title='bbox 891 924 986 994; x_wconf 88' lang='lat' dir='ltr'><strong>sertis</strong></span> 
     </span>
     <span class='ocr_line' id='line_1_6' title="bbox 200 1047 1029 1149; baseline -0.016 -25"><span class='ocrx_word' id='word_1_36' title='bbox 200 1059 385 1149; x_wconf 84' lang='lat' dir='ltr'>Tempora,</span> <span class='ocrx_word' id='word_1_37' title='bbox 406 1075 467 1120; x_wconf 91' lang='lat' dir='ltr'><strong>uec</strong></span> <span class='ocrx_word' id='word_1_38' title='bbox 484 1049 569 1118; x_wconf 82' lang='lat' dir='ltr'><strong>llava</strong></span> <span class='ocrx_word' id='word_1_39' title='bbox 586 1049 713 1118; x_wconf 89' lang='lat' dir='ltr'><strong>crinem</strong></span> <span class='ocrx_word' id='word_1_40' title='bbox 732 1047 929 1126; x_wconf 72' lang='lat' dir='ltr'><strong>distinxerat</strong></span> <span class='ocrx_word' id='word_1_41' title='bbox 947 1069 1029 1130; x_wconf 87' lang='lat' dir='ltr'><strong>uva,</strong></span> 
     </span>
     <span class='ocr_line' id='line_1_7' title="bbox 201 1164 1136 1264; baseline -0.014 -20"><span class='ocrx_word' id='word_1_42' title='bbox 201 1172 367 1257; x_wconf 80' lang='lat' dir='ltr'><strong>Nubilus,</strong></span> <span class='ocrx_word' id='word_1_43' title='bbox 385 1170 629 1264; x_wconf 85' lang='lat' dir='ltr'><strong>indignumque</strong></span> <span class='ocrx_word' id='word_1_44' title='bbox 647 1165 753 1237; x_wconf 90' lang='lat' dir='ltr'><strong>oculis</strong></span> <span class='ocrx_word' id='word_1_45' title='bbox 773 1165 978 1258; x_wconf 85' lang='lat' dir='ltr'><strong>liquentibus</strong></span> <span class='ocrx_word' id='word_1_46' title='bbox 995 1164 1136 1232; x_wconf 89' lang='lat' dir='ltr'><strong>imbrem</strong></span> 
     </span>
     <span class='ocr_line' id='line_1_8' title="bbox 202 1275 1198 1386; baseline -0.012 -23"><span class='ocrx_word' id='word_1_47' title='bbox 202 1275 395 1386; x_wconf 82' lang='lat' dir='ltr'><strong>Alloquitur</strong></span> <span class='ocrx_word' id='word_1_48' title='bbox 416 1316 423 1358; x_wconf 93' lang='lat'><strong>:</strong></span> <span class='ocrx_word' id='word_1_49' title='bbox 446 1319 463 1354; x_wconf 80' lang='lat' dir='ltr'><strong>c</strong></span> <span class='ocrx_word' id='word_1_50' title='bbox 477 1291 567 1358; x_wconf 88' lang='lat' dir='ltr'><strong>Dum</strong></span> <span class='ocrx_word' id='word_1_51' title='bbox 587 1287 655 1358; x_wconf 84' lang='lat' dir='ltr'><strong>lata</strong></span> <span class='ocrx_word' id='word_1_52' title='bbox 673 1287 799 1356; x_wconf 83' lang='lat' dir='ltr'><strong>dubunt</strong></span> <span class='ocrx_word' id='word_1_53' title='bbox 818 1287 895 1372; x_wconf 87' lang='lat' dir='ltr'><strong>tibi,</strong></span> <span class='ocrx_word' id='word_1_54' title='bbox 915 1299 1010 1372; x_wconf 83' lang='lat' dir='ltr'><strong>uate,</strong></span> <span class='ocrx_word' id='word_1_55' title='bbox 1029 1296 1198 1378; x_wconf 86' lang='lat' dir='ltr'><strong>potentem</strong></span> 
     </span>
     <span class='ocr_line' id='line_1_9' title="bbox 201 1404 1062 1498; baseline -0.012 -15"><span class='ocrx_word' id='word_1_56' title='bbox 201 1418 378 1498; x_wconf 84' lang='lat' dir='ltr'><strong>Lemnon,</strong></span> <span class='ocrx_word' id='word_1_57' title='bbox 398 1424 432 1479; x_wconf 91' lang='lat' dir='ltr'><strong>et</strong></span> <span class='ocrx_word' id='word_1_58' title='bbox 449 1410 594 1479; x_wconf 80' lang='lat' dir='ltr'><strong>externis</strong></span> <span class='ocrx_word' id='word_1_59' title='bbox 610 1409 710 1478; x_wconf 89' lang='lat' dir='ltr'><strong>etiam</strong></span> <span class='ocrx_word' id='word_1_60' title='bbox 730 1431 862 1478; x_wconf 78' lang='lat' dir='ltr'><strong>servare</strong></span> <span class='ocrx_word' id='word_1_61' title='bbox 881 1404 1062 1476; x_wconf 85' lang='lat' dir='ltr'><strong>timendam</strong></span> 
     </span>
     <span class='ocr_line' id='line_1_10' title="bbox 203 1525 1097 1622; baseline -0.01 -17"><span class='ocrx_word' id='word_1_62' title='bbox 203 1533 391 1618; x_wconf 86' lang='lat' dir='ltr'><strong>Gentibus,</strong></span> <span class='ocrx_word' id='word_1_63' title='bbox 411 1529 501 1598; x_wconf 83' lang='lat' dir='ltr'><strong>haud</strong></span> <span class='ocrx_word' id='word_1_64' title='bbox 522 1553 671 1622; x_wconf 85' lang='lat' dir='ltr'><strong>unquam</strong></span> <span class='ocrx_word' id='word_1_65' title='bbox 686 1530 779 1622; x_wconf 82' lang='lat' dir='ltr'><strong>justo</strong></span> <span class='ocrx_word' id='word_1_66' title='bbox 798 1551 872 1596; x_wconf 86' lang='lat' dir='ltr'><strong>mea</strong></span> <span class='ocrx_word' id='word_1_67' title='bbox 891 1551 972 1596; x_wconf 83' lang='lat' dir='ltr'><strong>cura</strong></span> <span class='ocrx_word' id='word_1_68' title='bbox 991 1525 1097 1596; x_wconf 78' lang='lat' dir='ltr'><strong>labori</strong></span> 
     </span>
     <span class='ocr_line' id='line_1_11' title="bbox 203 1646 1031 1723; baseline -0.006 0"><span class='ocrx_word' id='word_1_69' title='bbox 203 1653 369 1723; x_wconf 85' lang='lat' dir='ltr'><strong>Destitit:</strong></span> <span class='ocrx_word' id='word_1_70' title='bbox 390 1649 605 1720; x_wconf 86' lang='lat' dir='ltr'><strong>absciderunt</strong></span> <span class='ocrx_word' id='word_1_71' title='bbox 624 1651 733 1718; x_wconf 84' lang='lat' dir='ltr'><strong>tristes</strong></span> <span class='ocrx_word' id='word_1_72' title='bbox 753 1646 902 1718; x_wconf 84' lang='lat' dir='ltr'><strong>crudelia</strong></span> <span class='ocrx_word' id='word_1_73' title='bbox 919 1651 1031 1718; x_wconf 72' lang='lat' dir='ltr'><strong>Parce</strong></span> 
     </span>
     <span class='ocr_line' id='line_1_12' title="bbox 203 1767 1100 1864; baseline -0.007 -22"><span class='ocrx_word' id='word_1_74' title='bbox 203 1773 372 1857; x_wconf 84' lang='lat' dir='ltr'><strong>Stamina,</strong></span> <span class='ocrx_word' id='word_1_75' title='bbox 391 1795 452 1838; x_wconf 92' lang='lat' dir='ltr'><strong>nec</strong></span> <span class='ocrx_word' id='word_1_76' title='bbox 470 1768 587 1852; x_wconf 88' lang='lat' dir='ltr'><strong>dictis,</strong></span> <span class='ocrx_word' id='word_1_77' title='bbox 606 1767 746 1864; x_wconf 81' lang='lat' dir='ltr'><strong>supplex</strong></span> <span class='ocrx_word' id='word_1_78' title='bbox 767 1793 842 1863; x_wconf 82' lang='lat' dir='ltr'><strong>quae</strong></span> <span class='ocrx_word' id='word_1_79' title='bbox 863 1767 1008 1864; x_wconf 87' lang='lat' dir='ltr'><strong>plurima</strong></span> <span class='ocrx_word' id='word_1_80' title='bbox 1028 1767 1100 1840; x_wconf 86' lang='lat' dir='ltr'><strong>ludi</strong></span> 
     </span>
     <span class='ocr_line' id='line_1_13' title="bbox 204 1887 1122 1982; baseline -0.002 -20"><span class='ocrx_word' id='word_1_81' title='bbox 204 1898 291 1962; x_wconf 83' lang='lat' dir='ltr'><strong>Ante</strong></span> <span class='ocrx_word' id='word_1_82' title='bbox 309 1895 426 1960; x_wconf 79' lang='lat' dir='ltr'><strong>lovem</strong></span> <span class='ocrx_word' id='word_1_83' title='bbox 443 1889 583 1976; x_wconf 80' lang='lat' dir='ltr'><strong>frustra,</strong></span> <span class='ocrx_word' id='word_1_84' title='bbox 604 1887 824 1982; x_wconf 75' lang='lat' dir='ltr'><strong>lacrymisque</strong></span> <span class='ocrx_word' id='word_1_85' title='bbox 843 1904 994 1958; x_wconf 81' lang='lat' dir='ltr'><strong>avertere</strong></span> <span class='ocrx_word' id='word_1_86' title='bbox 1012 1888 1122 1960; x_wconf 78' lang='lat' dir='ltr'><strong>luctus</strong></span> 
     </span>
     <span class='ocr_line' id='line_1_14' title="bbox 204 1991 1057 2106; baseline -0.004 -23"><span class='ocrx_word' id='word_1_87' title='bbox 204 2012 383 2106; x_wconf 85' lang='lat' dir='ltr'><strong>Contigit:</strong></span> <span class='ocrx_word' id='word_1_88' title='bbox 403 2007 579 2080; x_wconf 80' lang='lat' dir='ltr'><strong>infandum</strong></span> <span class='ocrx_word' id='word_1_89' title='bbox 599 1991 690 2078; x_wconf 72' lang='lat' dir='ltr'><strong>uate</strong></span> <span class='ocrx_word' id='word_1_90' title='bbox 701 2010 864 2080; x_wconf 86' lang='lat' dir='ltr'><strong>concessit</strong></span> <span class='ocrx_word' id='word_1_91' title='bbox 882 2009 1057 2080; x_wconf 89' lang='lat' dir='ltr'><strong>bonorem.</strong></span> 
     </span>
     <span class='ocr_line' id='line_1_15' title="bbox 206 2128 1119 2226; baseline -0.004 -22"><span class='ocrx_word' id='word_1_92' title='bbox 206 2131 398 2204; x_wconf 79' lang='lat' dir='ltr'><strong>Accelerate</strong></span> <span class='ocrx_word' id='word_1_93' title='bbox 417 2129 532 2226; x_wconf 81' lang='lat' dir='ltr'><strong>lugam</strong></span> <span class='ocrx_word' id='word_1_94' title='bbox 551 2154 559 2197; x_wconf 91' lang='lat'><strong>:</strong></span> <span class='ocrx_word' id='word_1_95' title='bbox 581 2144 685 2222; x_wconf 90' lang='lat' dir='ltr'><strong>tuque</strong></span> <span class='ocrx_word' id='word_1_96' title='bbox 702 2155 724 2197; x_wconf 97' lang='lat' dir='ltr'><strong>o</strong></span> <span class='ocrx_word' id='word_1_97' title='bbox 742 2154 817 2198; x_wconf 88' lang='lat' dir='ltr'><strong>mea</strong></span> <span class='ocrx_word' id='word_1_98' title='bbox 835 2128 937 2224; x_wconf 80' lang='lat' dir='ltr'><strong>digna</strong></span> <span class='ocrx_word' id='word_1_99' title='bbox 955 2155 1119 2226; x_wconf 77' lang='lat' dir='ltr'><strong>propago,</strong></span> 
     </span>
     <span class='ocr_line' id='line_1_16' title="bbox 205 2251 1181 2347; baseline -0.002 -25"><span class='ocrx_word' id='word_1_100' title='bbox 205 2257 277 2322; x_wconf 87' lang='lat' dir='ltr'><strong>Hac</strong></span> <span class='ocrx_word' id='word_1_101' title='bbox 294 2276 389 2347; x_wconf 79' lang='lat' dir='ltr'><strong>rege,</strong></span> <span class='ocrx_word' id='word_1_102' title='bbox 411 2252 524 2344; x_wconf 85' lang='lat' dir='ltr'><strong>virgo,</strong></span> <span class='ocrx_word' id='word_1_103' title='bbox 542 2263 690 2343; x_wconf 83' lang='lat' dir='ltr'><strong>patrem,</strong></span> <span class='ocrx_word' id='word_1_104' title='bbox 711 2251 834 2344; x_wconf 85' lang='lat' dir='ltr'><strong>gemini</strong></span> <span class='ocrx_word' id='word_1_105' title='bbox 855 2275 921 2343; x_wconf 86' lang='lat' dir='ltr'><strong>qua</strong></span> <span class='ocrx_word' id='word_1_106' title='bbox 939 2251 1076 2320; x_wconf 83' lang='lat' dir='ltr'><strong>brachiu</strong></span> <span class='ocrx_word' id='word_1_107' title='bbox 1094 2253 1181 2321; x_wconf 92' lang='lat' dir='ltr'><strong>muri</strong></span> 
     </span>
     <span class='ocr_line' id='line_1_17' title="bbox 206 2369 984 2464; baseline -0.003 -22"><span class='ocrx_word' id='word_1_108' title='bbox 206 2375 303 2443; x_wconf 89' lang='lat' dir='ltr'><strong>Litus</strong></span> <span class='ocrx_word' id='word_1_109' title='bbox 321 2387 422 2456; x_wconf 81' lang='lat' dir='ltr'><strong>euut;</strong></span> <span class='ocrx_word' id='word_1_110' title='bbox 443 2369 516 2458; x_wconf 83' lang='lat' dir='ltr'><strong>illu,</strong></span> <span class='ocrx_word' id='word_1_111' title='bbox 536 2393 604 2463; x_wconf 81' lang='lat' dir='ltr'><strong>qua</strong></span> <span class='ocrx_word' id='word_1_112' title='bbox 621 2393 698 2438; x_wconf 87' lang='lat' dir='ltr'><strong>rara</strong></span> <span class='ocrx_word' id='word_1_113' title='bbox 716 2369 865 2458; x_wconf 85' lang='lat' dir='ltr'><strong>silentia,</strong></span> <span class='ocrx_word' id='word_1_114' title='bbox 886 2385 984 2464; x_wconf 83' lang='lat' dir='ltr'><strong>portu</strong></span> 
     </span>
     <span class='ocr_line' id='line_1_18' title="bbox 207 2489 1092 2584; baseline 0 -20"><span class='ocrx_word' id='word_1_115' title='bbox 207 2497 281 2564; x_wconf 88' lang='lat' dir='ltr'><strong>Stat</strong></span> <span class='ocrx_word' id='word_1_116' title='bbox 299 2492 430 2562; x_wconf 84' lang='lat' dir='ltr'><strong>funesta</strong></span> <span class='ocrx_word' id='word_1_117' title='bbox 447 2494 581 2579; x_wconf 82' lang='lat' dir='ltr'><strong>Venus,</strong></span> <span class='ocrx_word' id='word_1_118' title='bbox 603 2489 759 2584; x_wconf 87' lang='lat' dir='ltr'><strong>ferroque</strong></span> <span class='ocrx_word' id='word_1_119' title='bbox 779 2493 927 2562; x_wconf 86' lang='lat' dir='ltr'><strong>accincta</strong></span> <span class='ocrx_word' id='word_1_120' title='bbox 947 2492 1092 2564; x_wconf 74' lang='lat' dir='ltr'><strong>fluentes</strong></span> 
     </span>
    </p>
   </div>
   <div class='ocr_carea' id='block_1_3' title="bbox 207 2610 1142 2924">
    <p class='ocr_par' dir='ltr' id='par_1_3' title="bbox 207 2610 1142 2924">
     <span class='ocr_line' id='line_1_19' title="bbox 207 2610 1142 2708; baseline 0.002 -26"><span class='ocrx_word' id='word_1_121' title='bbox 207 2612 355 2708; x_wconf 71' lang='lat' dir='ltr'><strong>adjuvat</strong></span> <span class='ocrx_word' id='word_1_122' title='bbox 372 2610 487 2707; x_wconf 85' lang='lat' dir='ltr'><strong>(undo</strong></span> <span class='ocrx_word' id='word_1_123' title='bbox 505 2611 644 2680; x_wconf 83' lang='lat' dir='ltr'><strong>manus?</strong></span> <span class='ocrx_word' id='word_1_124' title='bbox 664 2611 755 2680; x_wconf 90' lang='lat' dir='ltr'><strong>unde</strong></span> <span class='ocrx_word' id='word_1_125' title='bbox 771 2613 842 2680; x_wconf 72' lang='lat' dir='ltr'><strong>haec</strong></span> <span class='ocrx_word' id='word_1_126' title='bbox 861 2616 1028 2684; x_wconf 84' lang='lat' dir='ltr'><strong>Mavortia</strong></span> <span class='ocrx_word' id='word_1_127' title='bbox 1048 2616 1142 2684; x_wconf 80' lang='lat' dir='ltr'><strong>Divae</strong></span> 
     </span>
     <span class='ocr_line' id='line_1_20' title="bbox 207 2729 1091 2829; baseline 0.001 -28"><span class='ocrx_word' id='word_1_128' title='bbox 207 2730 389 2829; x_wconf 75' lang='lat' dir='ltr'><strong>partomi)</strong></span> <span class='ocrx_word' id='word_1_129' title='bbox 407 2757 415 2800; x_wconf 77' lang='lat' dir='ltr'><strong><em>z</em></strong></span> <span class='ocrx_word' id='word_1_130' title='bbox 433 2747 470 2800; x_wconf 93' lang='lat' dir='ltr'><strong>tu</strong></span> <span class='ocrx_word' id='word_1_131' title='bbox 489 2729 556 2800; x_wconf 84' lang='lat' dir='ltr'><strong>lato</strong></span> <span class='ocrx_word' id='word_1_132' title='bbox 576 2745 703 2824; x_wconf 90' lang='lat' dir='ltr'><strong>patrem</strong></span> <span class='ocrx_word' id='word_1_133' title='bbox 721 2733 892 2802; x_wconf 88' lang='lat' dir='ltr'><strong>committe</strong></span> <span class='ocrx_word' id='word_1_134' title='bbox 910 2733 1091 2828; x_wconf 83' lang='lat' dir='ltr'><strong>profundo.</strong></span> 
     </span>
     <span class='ocr_line' id='line_1_21' title="bbox 209 2851 1070 2924; baseline -0.001 0"><span class='ocrx_word' id='word_1_135' title='bbox 209 2853 392 2924; x_wconf 84' lang='lat' dir='ltr'><strong>Succedam</strong></span> <span class='ocrx_word' id='word_1_136' title='bbox 409 2853 537 2922; x_wconf 72' lang='lat' dir='ltr'><strong>curis.»</strong></span> <span class='ocrx_word' id='word_1_137' title='bbox 558 2887 611 2904; x_wconf 85' lang='lat'><strong>-·-</strong></span> <span class='ocrx_word' id='word_1_138' title='bbox 629 2855 680 2920; x_wconf 90' lang='lat' dir='ltr'><strong>Ita</strong></span> <span class='ocrx_word' id='word_1_139' title='bbox 701 2851 788 2921; x_wconf 85' lang='lat' dir='ltr'><strong>latus</strong></span> <span class='ocrx_word' id='word_1_140' title='bbox 807 2853 843 2922; x_wconf 91' lang='lat' dir='ltr'><strong>in</strong></span> <span class='ocrx_word' id='word_1_141' title='bbox 860 2877 937 2922; x_wconf 76' lang='lat' dir='ltr'><strong>aera</strong></span> <span class='ocrx_word' id='word_1_142' title='bbox 953 2879 1070 2923; x_wconf 87' lang='lat' dir='ltr'><strong>rursus</strong></span> 
     </span>
    </p>
   </div>
   <div class='ocr_carea' id='block_1_4' title="bbox 195 2972 1263 4156">
    <p class='ocr_par' dir='ltr' id='par_1_4' title="bbox 195 2972 1263 4156">
     <span class='ocr_line' id='line_1_22' title="bbox 208 2972 1107 3060; baseline 0 -16"><span class='ocrx_word' id='word_1_143' title='bbox 208 2972 379 3058; x_wconf 91' lang='lat' dir='ltr'><strong>Solvitur,</strong></span> <span class='ocrx_word' id='word_1_144' title='bbox 396 2987 430 3041; x_wconf 89' lang='lat' dir='ltr'><strong>et</strong></span> <span class='ocrx_word' id='word_1_145' title='bbox 449 2987 619 3058; x_wconf 85' lang='lat' dir='ltr'><strong>nostrum,</strong></span> <span class='ocrx_word' id='word_1_146' title='bbox 638 2973 729 3042; x_wconf 90' lang='lat' dir='ltr'><strong>visus</strong></span> <span class='ocrx_word' id='word_1_147' title='bbox 747 2973 941 3042; x_wconf 86' lang='lat' dir='ltr'><strong>arcentibus</strong></span> <span class='ocrx_word' id='word_1_148' title='bbox 961 2975 1107 3060; x_wconf 88' lang='lat' dir='ltr'><strong>umbris,</strong></span> 
     </span>
     <span class='ocr_line' id='line_1_23' title="bbox 209 3091 960 3192; baseline 0 -30"><span class='ocrx_word' id='word_1_149' title='bbox 209 3095 302 3163; x_wconf 89' lang='lat' dir='ltr'><strong>Mitis</strong></span> <span class='ocrx_word' id='word_1_150' title='bbox 320 3096 383 3192; x_wconf 76' lang='lat' dir='ltr'><strong>iter</strong></span> <span class='ocrx_word' id='word_1_151' title='bbox 400 3093 509 3187; x_wconf 66' lang='lat' dir='ltr'><strong>longe</strong></span> <span class='ocrx_word' id='word_1_152' title='bbox 529 3091 668 3162; x_wconf 85' lang='lat' dir='ltr'><strong>claravit</strong></span> <span class='ocrx_word' id='word_1_153' title='bbox 686 3091 790 3162; x_wconf 88' lang='lat' dir='ltr'><strong>limite</strong></span> <span class='ocrx_word' id='word_1_154' title='bbox 809 3092 960 3164; x_wconf 73' lang='lat' dir='ltr'><strong>llammm.</strong></span> 
     </span>
     <span class='ocr_line' id='line_1_24' title="bbox 258 3212 1263 3306; baseline 0.008 -28"><span class='ocrx_word' id='word_1_155' title='bbox 258 3243 275 3278; x_wconf 73' lang='grc' dir='ltr'><strong>ιι</strong></span> <span class='ocrx_word' id='word_1_156' title='bbox 287 3214 367 3302; x_wconf 86' lang='lat' dir='ltr'><strong>Qua</strong></span> <span class='ocrx_word' id='word_1_157' title='bbox 386 3212 464 3282; x_wconf 86' lang='lat' dir='ltr'><strong>datu</strong></span> <span class='ocrx_word' id='word_1_158' title='bbox 482 3214 579 3305; x_wconf 82' lang='lat' dir='ltr'><strong>signa</strong></span> <span class='ocrx_word' id='word_1_159' title='bbox 597 3237 741 3306; x_wconf 87' lang='lat' dir='ltr'><strong>sequor:</strong></span> <span class='ocrx_word' id='word_1_160' title='bbox 757 3212 837 3282; x_wconf 88' lang='lat' dir='ltr'><strong>dein</strong></span> <span class='ocrx_word' id='word_1_161' title='bbox 855 3239 960 3284; x_wconf 89' lang='lat' dir='ltr'><strong>curvo</strong></span> <span class='ocrx_word' id='word_1_162' title='bbox 978 3217 1101 3285; x_wconf 88' lang='lat' dir='ltr'><strong>robore</strong></span> <span class='ocrx_word' id='word_1_163' title='bbox 1116 3216 1263 3288; x_wconf 85' lang='lat' dir='ltr'><strong>clausum</strong></span> 
     </span>
     <span class='ocr_line' id='line_1_25' title="bbox 208 3331 1034 3430; baseline -0.002 -24"><span class='ocrx_word' id='word_1_164' title='bbox 208 3337 271 3407; x_wconf 82' lang='lat' dir='ltr'><strong>[Dis</strong></span> <span class='ocrx_word' id='word_1_165' title='bbox 290 3333 420 3429; x_wconf 79' lang='lat' dir='ltr'><strong>pelagi,</strong></span> <span class='ocrx_word' id='word_1_166' title='bbox 439 3335 629 3425; x_wconf 86' lang='lat' dir='ltr'><strong>ventisque,</strong></span> <span class='ocrx_word' id='word_1_167' title='bbox 648 3348 681 3402; x_wconf 83' lang='lat' dir='ltr'><strong>et</strong></span> <span class='ocrx_word' id='word_1_168' title='bbox 702 3331 866 3427; x_wconf 85' lang='lat' dir='ltr'><strong>Cycladas</strong></span> <span class='ocrx_word' id='word_1_169' title='bbox 884 3337 1034 3430; x_wconf 84' lang='lat' dir='ltr'><strong>AEgaeoni</strong></span> 
     </span>
     <span class='ocr_line' id='line_1_26' title="bbox 208 3453 1194 3551; baseline 0.001 -24"><span class='ocrx_word' id='word_1_170' title='bbox 208 3453 390 3550; x_wconf 82' lang='lat' dir='ltr'><strong>Amplexu,</strong></span> <span class='ocrx_word' id='word_1_171' title='bbox 411 3453 611 3522; x_wconf 90' lang='lat' dir='ltr'><strong>commendo</strong></span> <span class='ocrx_word' id='word_1_172' title='bbox 631 3469 762 3548; x_wconf 90' lang='lat' dir='ltr'><strong>patrem</strong></span> <span class='ocrx_word' id='word_1_173' title='bbox 784 3480 791 3522; x_wconf 91' lang='lat'>:</span> <span class='ocrx_word' id='word_1_174' title='bbox 814 3479 876 3524; x_wconf 87' lang='lat' dir='ltr'><strong>nec</strong></span> <span class='ocrx_word' id='word_1_175' title='bbox 894 3455 1026 3526; x_wconf 88' lang='lat' dir='ltr'><strong>lletibus</strong></span> <span class='ocrx_word' id='word_1_176' title='bbox 1046 3483 1194 3551; x_wconf 88' lang='lat' dir='ltr'><strong>unquam</strong></span> 
     </span>
     <span class='ocr_line' id='line_1_27' title="bbox 208 3572 971 3668; baseline 0 -22"><span class='ocrx_word' id='word_1_177' title='bbox 208 3579 261 3646; x_wconf 80' lang='lat' dir='ltr'><strong>Sit</strong></span> <span class='ocrx_word' id='word_1_178' title='bbox 280 3575 400 3644; x_wconf 88' lang='lat' dir='ltr'><strong>modus</strong></span> <span class='ocrx_word' id='word_1_179' title='bbox 418 3572 573 3664; x_wconf 84' lang='lat' dir='ltr'><strong>alternis,</strong></span> <span class='ocrx_word' id='word_1_180' title='bbox 593 3576 628 3644; x_wconf 88' lang='lat' dir='ltr'><strong>ni</strong></span> <span class='ocrx_word' id='word_1_181' title='bbox 645 3576 716 3668; x_wconf 86' lang='lat' dir='ltr'><strong>jam</strong></span> <span class='ocrx_word' id='word_1_182' title='bbox 735 3575 882 3645; x_wconf 86' lang='lat' dir='ltr'><strong>dimittat</strong></span> <span class='ocrx_word' id='word_1_183' title='bbox 899 3581 971 3646; x_wconf 89' lang='lat' dir='ltr'><strong>Eoo</strong></span> 
     </span>
     <span class='ocr_line' id='line_1_28' title="bbox 211 3694 1065 3790; baseline 0.002 -24"><span class='ocrx_word' id='word_1_184' title='bbox 211 3696 344 3767; x_wconf 88' lang='lat' dir='ltr'><strong>Lucifer</strong></span> <span class='ocrx_word' id='word_1_185' title='bbox 363 3711 451 3765; x_wconf 82' lang='lat' dir='ltr'><strong>ostra</strong></span> <span class='ocrx_word' id='word_1_186' title='bbox 471 3694 551 3790; x_wconf 87' lang='lat' dir='ltr'><strong>polo</strong></span> <span class='ocrx_word' id='word_1_187' title='bbox 570 3722 578 3764; x_wconf 91' lang='lat'><strong>:</strong></span> <span class='ocrx_word' id='word_1_188' title='bbox 598 3710 669 3765; x_wconf 92' lang='lat' dir='ltr'><strong>tum</strong></span> <span class='ocrx_word' id='word_1_189' title='bbox 689 3695 826 3764; x_wconf 85' lang='lat' dir='ltr'><strong>demum</strong></span> <span class='ocrx_word' id='word_1_190' title='bbox 847 3695 944 3767; x_wconf 88' lang='lat' dir='ltr'><strong>litore</strong></span> <span class='ocrx_word' id='word_1_191' title='bbox 962 3724 1065 3768; x_wconf 89' lang='lat' dir='ltr'><strong>rauco</strong></span> 
     </span>
     <span class='ocr_line' id='line_1_29' title="bbox 210 3815 1018 3914; baseline 0.002 -27"><span class='ocrx_word' id='word_1_192' title='bbox 210 3815 320 3887; x_wconf 84' lang='lat' dir='ltr'><strong>Multa</strong></span> <span class='ocrx_word' id='word_1_193' title='bbox 338 3831 429 3886; x_wconf 88' lang='lat' dir='ltr'><strong>metu</strong></span> <span class='ocrx_word' id='word_1_194' title='bbox 447 3831 625 3910; x_wconf 83' lang='lat' dir='ltr'><strong>reputans,</strong></span> <span class='ocrx_word' id='word_1_195' title='bbox 646 3831 680 3884; x_wconf 87' lang='lat' dir='ltr'><strong>et</strong></span> <span class='ocrx_word' id='word_1_196' title='bbox 699 3818 754 3886; x_wconf 85' lang='lat' dir='ltr'><strong>vix</strong></span> <span class='ocrx_word' id='word_1_197' title='bbox 772 3818 899 3887; x_wconf 86' lang='lat' dir='ltr'><strong>confisa</strong></span> <span class='ocrx_word' id='word_1_198' title='bbox 917 3823 1018 3914; x_wconf 84' lang='lat' dir='ltr'><strong>Lyaeo</strong></span> 
     </span>
     <span class='ocr_line' id='line_1_30' title="bbox 195 3937 1079 4033; baseline 0.007 -27"><span class='ocrx_word' id='word_1_199' title='bbox 195 3937 370 4028; x_wconf 72' lang='lat' dir='ltr'><strong>¹Divitior,</strong></span> <span class='ocrx_word' id='word_1_200' title='bbox 388 3939 461 4033; x_wconf 89' lang='lat' dir='ltr'><strong>ipsa</strong></span> <span class='ocrx_word' id='word_1_201' title='bbox 477 3937 584 4032; x_wconf 82' lang='lat' dir='ltr'><strong>gradu</strong></span> <span class='ocrx_word' id='word_1_202' title='bbox 604 3939 730 4026; x_wconf 84' lang='lat' dir='ltr'><strong>nitens,</strong></span> <span class='ocrx_word' id='word_1_203' title='bbox 747 3937 804 4008; x_wconf 90' lang='lat' dir='ltr'><strong>sed</strong></span> <span class='ocrx_word' id='word_1_204' title='bbox 822 3953 855 4008; x_wconf 89' lang='lat' dir='ltr'><strong>et</strong></span> <span class='ocrx_word' id='word_1_205' title='bbox 873 3943 971 4010; x_wconf 82' lang='lat' dir='ltr'><strong>anxia</strong></span> <span class='ocrx_word' id='word_1_206' title='bbox 989 3957 1079 4012; x_wconf 84' lang='lat' dir='ltr'><strong>retro</strong></span> 
     </span>
     <span class='ocr_line' id='line_1_31' title="bbox 211 4060 1062 4156; baseline 0.007 -29"><span class='ocrx_word' id='word_1_207' title='bbox 211 4060 365 4144; x_wconf 86' lang='lat' dir='ltr'><strong>Pectora,</strong></span> <span class='ocrx_word' id='word_1_208' title='bbox 387 4083 448 4126; x_wconf 91' lang='lat' dir='ltr'><strong>nec</strong></span> <span class='ocrx_word' id='word_1_209' title='bbox 467 4060 613 4152; x_wconf 84' lang='lat' dir='ltr'><strong>requies,</strong></span> <span class='ocrx_word' id='word_1_210' title='bbox 633 4060 715 4151; x_wconf 90' lang='lat' dir='ltr'><strong>quin</strong></span> <span class='ocrx_word' id='word_1_211' title='bbox 734 4074 768 4128; x_wconf 86' lang='lat' dir='ltr'><strong>et</strong></span> <span class='ocrx_word' id='word_1_212' title='bbox 787 4065 959 4156; x_wconf 82' lang='lat' dir='ltr'><strong>surgentia</strong></span> <span class='ocrx_word' id='word_1_213' title='bbox 978 4063 1062 4132; x_wconf 87' lang='lat' dir='ltr'><strong>coelo</strong></span> 
     </span>
    </p>
   </div>
   <div class='ocr_carea' id='block_1_5' title="bbox 0 0 1624 5136">
    <p class='ocr_par' dir='ltr' id='par_1_5' title="bbox 0 0 1624 5136">
     <span class='ocr_line' id='line_1_32' title="bbox 0 0 1624 5136; baseline 0 0"><span class='ocrx_word' id='word_1_214' title='bbox 0 0 1624 5136; x_wconf 95' lang='lat' dir='ltr'><strong> </strong></span> 
     </span>
    </p>
   </div>
  </div>
 </body>
</html>
