3156 5138
387 424 441 482 xor.
747 417 776 472 P.
798 415 923 472 PUBLu
943 409 1068 472 statu
1163 479 1171 484 ,
1335 413 1368 474 (v.
1383 413 1427 466 rs.)

384 543 523 608 Tectum
537 552 731 633 augustum,
743 537 877 633 ingens,
886 563 954 608 uon
966 551 1102 610 centum
1112 529 1242 630 insign'e
1250 533 1428 620 columnis,

386 659 451 728 Sed
466 673 599 753 quantae
616 661 762 753 Superos
779 657 984 753 ooelumque,
1002 655 1137 729 Atlante
1155 657 1312 742 remisso,

385 781 578 848 Sustentarc
595 792 721 872 queant
742 804 750 848 :
769 793 881 874 stupet
898 780 963 850 boc
982 777 1094 847 vicina
1112 776 1273 847 Tonantis

384 901 512 994 Regia,
531 913 631 994 teque
652 879 725 994 pari
742 889 897 969 letantur
916 891 992 970 s'ede
1011 898 1159 970 locatum

386 1019 550 1108 Numina,
572 1044 614 1088 ne
634 1044 794 1114 magnum
815 1043 972 1114 properes
991 1017 1168 1090 escendere
1187 1015 1308 1087 ooelum
1328 1041 1337 1084 ε

385 1142 491 1209 Tanta
510 1154 603 1234 patet
616 1137 739 1226 moles,
757 1137 936 1234 effusaeque
952 1141 1097 1234 impetus
1114 1137 1197 1208 aulae

385 1261 540 1330 Liberior
559 1260 678 1355 spatii,
699 1258 911 1354 multumque
930 1259 1102 1355 amplexus
1123 1261 1229 1355 aperti

386 1380 561 1466 AEtheros,
582 1395 616 1449 et
635 1392 766 1450 tantum
784 1373 1051 1451 domino'minor
1067 1407 1077 1450 τ
1096 1379 1152 1449 ille
1168 1395 1305 1476 penates

386 1499 578 1595 Implet,·et
598 1501 725 1596 ingenti
742 1500 854 1570 Genio
869 1500 975 1595 juvat.
996 1500 1235 1602 AEmulusillic

386 1621 488 1688 Mons
504 1618 624 1712 Libys,
642 1601 829 1714 Iliacusque
845 1597 973 1709 nitent,
990 1635 1024 1690 et
1040 1619 1148 1690 multa
1166 1623 1290 1715 Syene,

386 1740 430 1808 Et
445 1737 570 1826 Chios,
587 1754 620 1807 et
636 1735 754 1833 glauca
772 1741 934 1810 certantia
950 1740 1079 1812 Doride
1098 1765 1195 1829 saxa,

387 1858 551 1951 Lunaque
567 1857 739 1950 portandis
755 1872 886 1928 tantum
903 1859 1042 1930 suffecta
1057 1858 1231 1930 columnis.

388 1979 506 2073 longa
524 2000 624 2072 super
643 1979 767 2073 species
784 2005 793 2047 ε
814 1978 906 2049 fessis
923 1981 981 2048 vix
995 1977 1142 2050 culmina
1158 1979 1301 2074 prendas

388 2097 546 2185 Visibus,
566 2091 859 2193 auratique'putes'
875 2089 1044 2193 laquearia
1061 2089 1152 2168 coeli(

437 2217 502 2286 Hic
520 2217 827 2310 quumRomuleos
843 2243 998 2312 proceres
1009 2211 1231 2314 'trabeataque
1251 2222 1364 2289 Cnsar

388 2337 534 2432 Agmina
551 2336 644 2406 mille
664 2336 763 2407 simul
778 2333 877 2432 jussit
897 2337 1104 2407 discumbere
1123 2339 1265 2422 mensis,

324 2502 329 2510 ·
389 2459 468 2551 Ipsa
486 2459 579 2526 sinus
599 2459 747 2527 accincta
768 2459 890 2543 Ceres,
910 2458 1125 2553 bacchusque
1143 2456 1294 2528 laborant

391 2576 550 2647 Sufficere
571 2603 579 2646 :
599 2577 734 2646 aetherei
754 2576 832 2645 felix
852 2578 898 2647 sic
916 2579 1025 2648 orbita
1042 2577 1138 2646 fluxit

390 2694 610 2792 Triptolemi3
630 2698 677 2766 sic
693 2695 824 2766 vitifero
843 2698 904 2766 sub
923 2696 1060 2792 palmite
1076 2698 1184 2767 nudos

392 2815 570 2886 Umbravit
587 2814 707 2903 colles,
725 2830 758 2886 et
778 2817 888 2886 sobria
903 2837 983 2886 rura
998 2821 1125 2912 Lyaeus.
1202 2850 1205 2858 ⁴

393 2932 458 3005 Sed
476 2935 558 3004 mihi
576 2959 644 3004 non
663 2934 796 3029 epulas,
816 2935 949 3005 Indisve
969 2936 1082 3006 innixa
1100 2929 1264 3006 columnis

393 3056 529 3125 Robora
547 3059 765 3145 Maurorum,
785 3054 966 3125 famulasve
987 3080 1027 3125 ex
1044 3055 1162 3144 ordine
1179 3069 1326 3140 turmas3

393 3177 529 3270 Ipsum,
550 3173 803 3270 ipsum'cupido
822 3187 952 3244 tantum
971 3189 1119 3269 spectare
1139 3175 1270 3243 vacavit

393 3293 627 3390 Tranquillum
647 3294 837 3381 vultus,·et
855 3298 1027 3390 majestate
1048 3319 1164 3364 serena
1200 3336 1204 3346 ι
1252 3343 1255 3350 -

394 3413 599 3486 Mulcentem
617 3414 746 3503 radios,
767 3417 1097 3508 summittentemque
1117 3413 1266 3484 modeste

394 3538 551 3606 Fortunae
563 3533 682 3604 vexilla
695 3537 793 3623 'suae3'
802 3551 912 3604 tamen
929 3533 986 3604 ore
1001 3535 1131 3604 nitebat

395 3651 631 3724 Dissimulatus
651 3655 759 3723 honos
771 3681 784 3744 ¹:
805 3653 904 3724 talem
924 3673 1057 3749 quoque
1074 3655 1236 3724 barbarus
1254 3653 1360 3724 bostis

396 3776 527 3862 Posset,
546 3787 580 3842 ct
599 3775 720 3868 ignotas
739 3787 955 3868 conspectum
975 3798 1156 3868 agnoscere
1172 3788 1296 3867 gentes.

397 3893 476 3963 Non
494 3893 591 3962 aliter
608 3892 717 3988 gelida
737 3892 916 3990 Rhodopes
937 3895 971 3962 in
987 3891 1077 3962 ‘valle
1097 3887 1263 3963 recumbit

397 4015 550 4085 Dimissis
568 4014 737 4085 Gradivus
759 4017 852 4109 equis
870 4041 878 4084 ι
896 4017 943 4086 sic
962 4013 1090 4084 lubrica
1111 4015 1207 4108 ponit
