3156 5138
82 421 89 432 '
144 425 257 499 usn
385 429 411 446 ·‘
457 433 688 496 &stamnum
710 439 820 494 nrum
843 437 876 490 v.

148 569 289 640 Obruis
306 565 365 638 ahl
377 568 484 636 dira:
505 569 577 640 viso
594 569 640 635 sic
658 565 795 635 vulnere
814 587 897 633 carae

148 690 341 786 Conjugis,
363 691 490 759 invenit
509 703 643 757 caneret
664 685 756 780 quod
773 684 936 760 Thracius
955 680 1113 772 Orpbeus

148 811 274 881 Dulce
291 812 369 898 sibi3
385 812 433 879 sic
447 810 545 879 busta
561 809 637 877 Lini
653 805 845 900 complexus
859 800 980 899 Apollo

152 933 243 1000 Non
261 915 374 1000 tacuit.
395 927 700 1014 Nimiuslortasse,
720 924 903 1020 avidusque
921 921 1047 993 doloris

152 1053 282 1138 Dicar,
296 1066 329 1121 et
344 1053 379 1119 in
395 1045 555 1146 lacrymis?
561 1050 691 1142 justum
706 1046 881 1118 excessisse
895 1045 1070 1141 pudorem.

155 1173 333 1260 Quisnam
350 1185 461 1240 autem
479 1170 639 1264 gemitus,
658 1167 868 1262 lamentaque
887 1180 999 1236 nostra
1021 1161 1212 1258 reprendit?

158 1295 197 1362 Ο
214 1291 358 1361 nimium
376 1289 469 1379 felix,
483 1289 630 1358 'nimium
650 1287 806 1375 crudelis,
824 1302 857 1356 et
875 1311 991 1380 expers

158 1412 320 1505 Imperii,
339 1415 503 1498 Fortuna,
521 1411 587 1498 tui,
606 1411 665 1503 qui
683 1408 790 1478 dicere
808 1407 912 1502 legem

159 1521 328 1620 Fletibus,
347 1545 405 1601 aut
421 1530 503 1600 fines
519 1529 620 1600 audet
636 1555 770 1600 censere
787 1526 935 1599 dolendi!

160 1656 303 1742 Incitat,
319 1649 398 1722 heu!
415 1649 568 1746 planctus
587 1676 594 1719 :
612 1651 724 1746 potius
745 1650 905 1746 fugientia
922 1651 1014 1744 ripas
1105 1709 1110 1722 .

164 1772 322 1843 Flumina
340 1772 515 1856 devincas,
534 1770 658 1866 rapidis
677 1786 736 1840 aut
754 1771 887 1865 ignibus
904 1771 1031 1856 obstes,

163 1895 280 1983 Quam
296 1894 433 1962 miseros
450 1890 564 1988 lugere
581 1907 673 1962 vetes
690 1919 698 1960 ε
717 1907 827 1961 tamen
846 1889 901 1961 ille
918 1915 1066 1975 severus,

164 2014 331 2106 Quisquis
348 2015 375 2082 is
390 2027 460 2101 est,
478 2027 600 2082 nostrae
616 2028 794 2107 cognoscat
809 2011 948 2082 vulnera
964 2035 1079 2080 causae.

214 2135 294 2226 Nop
309 2158 371 2228 ego
387 2147 552 2202 mercatus
569 2134 689 2202 Pharia
708 2132 750 2201 de
768 2133 856 2228 pube
872 2130 1025 2224 loquaces

164 2253 326 2341 Delicias,
344 2252 522 2322 doctumve
541 2254 760 2322 sui-convicia
776 2249 844 2321 Nili

164 2375 348 2461 infantem,
365 2372 481 2467 lingua
497 2374 653 2461 nimium,
673 2367 862 2465 salibusque
881 2385 1075 2465 protervum

146 2492 278 2564 ‚Dilcxi
298 2519 305 2560 :
324 2516 417 2561 meus
433 2491 503 2580 ille,
520 2517 613 2561 meus
630 2519 638 2561 :
661 2489 778 2562 tellure
795 2492 968 2560 cadentem

164 2614 307 2707 Excepi,
323 2625 360 2681 et
372 2614 520 2683 vinctum
537 2611 674 2707 genitali
693 2614 838 2681 carmine
855 2611 939 2696 fovi3

165 2732 426 2826 Pulsantemque
446 2757 550 2802 novas
572 2733 720 2802 tremulis
743 2731 925 2820 ululatibus
945 2756 1043 2800 auras

165 2855 297 2924 Inserui
317 2855 416 2922 vitae:
435 2853 516 2947 quid
535 2852 611 2947 plus
630 2853 776 2922 trihucrc
793 2852 967 2947 parentes?

164 2975 261 3065 Quin
279 2973 361 3043 alios
378 2988 488 3060 ortus,
510 2971 765 3066 libertatemque
780 2974 842 3041 sub
858 2973 938 3067 ipsis

85 3107 89 3112 '
160 3093 336 3167 Uberibus
352 3092 428 3178 tibi,
445 3115 562 3186 parve,
579 3093 671 3179 dedi,
690 3107 728 3162 tu
746 3116 885 3162 munera
902 3106 1017 3160 nostra

45 3222 51 3230 '
166 3213 326 3299 Ridebas,
345 3212 481 3307 ignarus
503 3212 613 3281 adhuc
633 3239 640 3279 :
659 3214 890 3306 properaverit
907 3210 978 3300 ille,

167 3331 233 3400 Sed
250 3323 370 3400 merito
385 3331 604 3425 properabat,
623 3356 734 3418 amor3
755 3357 797 3401 ue
815 3331 969 3425 perderet
988 3328 1094 3398 ullum

70 3433 96 3540 Ι,
166 3451 319 3520 Libertas
339 3465 407 3520 tam
425 3475 529 3544 parva
549 3450 637 3519 diem
657 3477 664 3518 :
685 3476 802 3520 nonne
812 3451 968 3520 horridus
985 3453 1074 3544 ipsos

165 3555 297 3639 invidia
314 3572 475 3671 Superos,
495 3570 686 3664 injustaque
705 3574 844 3642 Tartara
863 3569 1012 3665 pulsem?

165 3681 289 3761 'Nonne
306 3713 436 3783 gemam
456 3705 504 3778 te,
523 3715 597 3760 care
618 3692 720 3787 puer?
736 3717 804 3785 quo
823 3693 962 3785 sospite,
985 3707 1080 3760 natos

165 3812 242 3879 Non
259 3810 367 3903 cupii3
389 3809 499 3905 primo
515 3814 679 3907 gremium
697 3814 751 3881 cui
772 3827 932 3906 protenus
952 3826 1029 3881 ortu

164 3927 336 4024 rldplicui,
358 3929 482 4028 fixique
500 3955 630 4016 meum;
651 3933 704 4001 cui
725 3933 840 4019 verba,
861 3957 1025 4026 sonosque
1075 3965 1079 3976 ¹

165 4051 368 4138 Monstravi,
387 4067 591 4146 questusque
607 4069 640 4123 et
658 4079 830 4124 murmura
849 4079 933 4124 caeca
951 4053 1134 4140 resolvens,
