3094 5140
127 497 164 542 tr.
177 489 247 548 505)
442 485 656 542 theoninos
678 485 788 542 LIBER
808 485 856 540 IX.
1124 479 1178 558 159

128 615 287 684 Circuit:
306 611 360 679 hic
378 608 515 678 demum
535 611 641 679 victus
659 635 813 704 suprema
831 609 926 678 sateri

128 731 332 803 Exclamat:
351 728 561 817 «Fluvione,
580 726 704 823 pudet!
723 733 816 798 Mars
834 728 977 823 inelyte,
997 751 1126 822 merges

130 860 229 923 Hauc
246 850 414 921 animam?
434 875 619 944 segnesque
637 850 728 920 lacus
744 865 775 920 et
789 865 907 944 stagna
926 849 1061 932 sribibo,

130 977 206 1042 Ceu
222 974 350 1066 pecoris
367 987 496 1059 custos,
516 973 617 1042 subiti
634 971 791 1042 torrentis
808 971 931 1063 iniquis

132 1096 343 1186 Interceptus
361 1091 478 1185 aquis?
497 1091 623 1160 adeone
644 1091 842 1160 occumbere
862 1089 950 1159 ferro

133 1213 213 1282 Non
231 1210 388 1280 meruit»
407 1211 556 1280 Tandem
575 1211 729 1304 precihus
744 1225 912 1280 commota
927 1213 1113 1278 Tonantem

132 1338 151 1401 J
155 1356 223 1401 uno
239 1331 327 1399 subit
343 1356 351 1398 ε
370 1331 553 1418 «Quonam
570 1331 723 1415 miseros,
743 1345 834 1398 sator
848 1329 969 1424 inclyte
986 1333 1130 1412 Divum,

134 1448 330 1538 Inachidas,
349 1474 496 1543 quonam
514 1473 620 1543 usqne
638 1447 789 1543 premes?
803 1450 873 1542 jam
891 1449 1000 1519 Pallas
1017 1465 1050 1518 et
1066 1448 1138 1519 odit

133 1574 163 1638 Τ
164 1569 268 1664 ydea‚
283 1571 353 1662 jam
377 1585 472 1664 rapto
491 1584 666 1640 uerierunt
686 1593 814 1665 augure
832 1568 964 1664 Delphi.

133 1695 188 1758 En
207 1713 300 1758 mens
318 1689 569 1784 Hippomedon,
589 1691 643 1758 cui
661 1691 769 1784 gentis
786 1691 881 1784 origo
899 1693 1048 1783 Mycenae

134 1809 350 1904 Argolicique
370 1808 473 1896 lares,
493 1833 681 1902 numenque
699 1823 777 1878 ante
796 1812 911 1878 omnia
929 1814 1034 1897 June,

134 1929 206 2024 (Sic
225 1954 286 2024 ego
307 1928 374 2000 fida
392 1929 514 2022 meisi)
535 1928 643 2024 pelagi
662 1929 853 1999 crudelibus
871 1931 933 2014 ibit
984 1955 986 1960 ’

135 2050 252 2119 Praeda
269 2045 367 2118 feris!
386 2065 475 2120 certe
494 2048 658 2138 tumulos,
676 2074 897 2144 supremaque
915 2052 1011 2120 vietis

136 2175 239 2238 Rusta
258 2169 361 2240 dabas
377 2195 384 2237 :
403 2171 460 2238 ubi
479 2171 648 2263 Cecropiae
665 2184 742 2264 post
760 2168 877 2263 proelia
898 2169 1060 2237 llanunae?

135 2291 283 2358 Theseos
304 2292 389 2384 ignis
406 2291 463 2359 ubi
483 2289 584 2358 estin
604 2290 684 2359 Non
704 2291 831 2383 speruit
851 2289 1003 2384 conjugis
1022 2313 1132 2382 aequns

138 2409 200 2478 llle
218 2435 330 2503 preces
350 2436 357 2477 ε
379 2408 561 2503 leviterque
578 2410 693 2479 oculos
714 2409 754 2478 ad
777 2411 898 2480 moenia
917 2407 1036 2479 Cadmi

136 2527 296 2617 Rettulit,
313 2544 347 2598 et
368 2530 438 2598 viso
455 2529 613 2598 sederunt
630 2529 769 2600 flumina
791 2544 885 2598 nutu.

188 2647 281 2717 lllius
298 2674 481 2744 exsangues
502 2651 649 2737 humeri,
668 2665 701 2719 et
718 2650 866 2744 perfossa
884 2663 1058 2743 patescunt

137 2771 279 2838 Pectora
296 2795 304 2838 ε
322 2794 383 2838 ceu
404 2771 510 2840 ventis
529 2768 594 2838 alte
614 2771 717 2862 (quoin
737 2768 821 2838 elata
838 2769 958 2838 resedit

136 2890 345 2982 Tempestas,
367 2903 508 2983 surgunt
528 2890 677 2983 scopuli,
693 2892 899 2983 quaesitaque
916 2891 1025 2958 nautis

139 3009 261 3096 Terra,
280 3023 313 3077 et
334 3010 375 3077 nb
393 3009 518 3078 infestis
535 3009 739 3078 descendunt
758 3033 892 3102 aequora
911 3011 1006 3078 saxis.

188 3128 279 3216 Quid
301 3130 397 3223 ripas·
411 3131 555 3198 tenuisse
573 3109 688 3222 juvat?
707 3131 829 3224 premit
848 3111 1129 3220 undique-nimbo

138 3247 296 3316 Telorum
312 3249 481 3318 Phoenissa
499 3249 619 3318 cohors
638 3275 646 3316 :
664 3273 726 3318 nec
743 3251 887 3343 tegmina
906 3248 1062 3318 membris

138 3366 232 3453 Ulla,
251 3369 425 3461 omnisque
442 3383 534 3462 patet
551 3367 618 3437 leto
636 3395 644 3436 :
664 3379 743 3437 tn'nc
763 3366 903 3437 vulnera
919 3384 1070 3456 manent,

139 3487 276 3579 Quique
293 3487 355 3556 sub
376 3507 473 3557 amne
486 3487 544 3556 diu
559 3490 689 3583 stupuit
704 3513 816 3572 cruor,
835 3512 912 3556 aere
933 3488 1023 3558 nudo

139 3605 299 3692 Solvitur,
318 3621 351 3675 et
369 3621 486 3676 tenues
504 3633 663 3676 venarum
682 3606 771 3676 laxat
791 3609 916 3695 hiatus,

139 3729 328 3820 Incertique
345 3726 458 3797 lnbant
477 3729 642 3798 undarum
666 3727 790 3825 frigore
807 3753 946 3824 gressus.

186 3849 400 3937 Procumbit,
416 3850 535 3918 Getico
554 3849 660 3942 qualis
679 3850 870 3942 procumbit
890 3851 923 3918 in
942 3855 1056 3919 Haerno

138 3971 202 4035 Seu
224 3970 336 4036 Boreae
356 3967 468 4056 furiis,
487 3970 577 4062 putri
594 3994 651 4038 seu
671 3971 793 4040 robore
808 3994 950 4062 quercus

137 4087 230 4157 Coelo
250 4090 352 4158 mixta
372 4114 500 4176 comas,
520 4091 754 4183 ingentemque
773 4115 850 4158 aera
871 4089 969 4159 laxat.
