3080 5136
346 501 387 554 IN
409 501 439 554 P.
460 501 490 553 P.
513 499 642 554 STATll
662 496 771 554 THEB.
793 497 862 552 ΠΒ.
884 499 933 553 lv.
1116 499 1170 556 ³01

155 615 221 671 Nau
236 615 337 670 matris
356 633 431 689 opus
445 613 483 691 (v.
504 612 582 690 175).
598 616 706 670 Matres
721 613 797 668 anun
815 623 918 670 notum
932 623 974 670 est
991 623 1089 671 texere
1100 617 1173 672 soli-

108 715 158 763 tas
178 707 305 764 tunicam
323 707 473 764 militarem
495 705 632 762 filiorum.
647 706 715 762 Vid.
731 708 881 762 Bessara.
898 709 952 763 ΜΒ
966 707 1013 762 hie
1027 727 1035 762 ε
1049 709 1172 764 «ΡΜα-

109 801 185 855 rotas
203 819 293 874 opus,
309 823 322 852 ι
341 819 365 857 o.
387 801 425 876 gl.
446 798 571 856 «Martis
592 810 642 856 ant
663 797 819 854 Vulcani.»
841 798 928 856 Unde
945 800 1041 856 Barth.
1059 811 1173 858 untes:

109 893 312 969 Pyragmom's.

158 999 255 1054 Getico
273 1017 344 1074 quos
348 998 452 1073 flebile
468 1001 534 1056 uati
547 1001 654 1055 Βοήοη
674 997 711 1074 (v.
731 998 783 1054 181
800 997 886 1076 sqq).
900 998 1076 1075 Thamyridi.
1091 1001 1175 1057 Hau-

111 1090 153 1146 sit
168 1091 227 1147 haee
242 1111 278 1150 ex
291 1093 437 1163 Homero,
451 1093 556 1159 aaa,
570 1111 610 1164 11,
629 1109 680 1146 ror
698 1108 777 1165 sqq„
792 1110 821 1165 q.
836 1110 863 1146 v.

157 1199 271 1254 Pariter
286 1200 319 1254 ul
327 1200 467 1275 providus
484 1199 567 1254 laetos
581 1199 690 1254 Milites
708 1196 746 1278 (v.
767 1197 843 1276 197).
863 1199 894 1254 Si
913 1198 984 1274 quid
1004 1199 1091 1256 video
1099 1243 1110 1280 ,Ἴ
1127 1202 1172 1258 le-

112 1291 244 1364 gendum
259 1302 301 1348 est
314 1293 342 1347 si
359 1311 416 1366 pro
429 1293 476 1359 ui,
496 1293 580 1367 quod
593 1303 622 1348 et
636 1292 774 1349 exhibent
794 1289 811 1347 5
827 1291 930 1362 codd,
945 1293 976 1347 in
989 1293 1096 1367 quibus
1114 1295 1172 1350 PR.

112 1383 208 1439 Aliter
225 1385 393 1440 sententiam
409 1403 471 1441 non
488 1385 607 1442 extrico.

160 1477 214 1532 Sat
230 1479 346 1533 dubium
359 1490 434 1534 caelu
453 1481 565 1534 solante
585 1479 713 1533 uiuorem
734 1479 852 1533 Fallere
870 1473 909 1554 (v.
926 1493 983 1532 nou
1003 1475 1068 1555 sq.).
1089 1479 1175 1535 «Stat

113 1569 266 1628 dubium.»
279 1573 385 1628 Sensus
399 1591 406 1627 :
422 1569 536 1628 Sufficit
549 1571 587 1628 ad
601 1571 736 1628 solatium
748 1570 859 1627 femina
872 1570 924 1626 tali
938 1579 1069 1644 ternpore
1084 1590 1173 1628 orna-

114 1661 196 1717 tibus
209 1681 317 1719 carere.
332 1663 416 1720 Ordo
430 1665 494 1721 talis
509 1683 516 1718 :
530 1665 594 1721 Stat
609 1663 680 1719 mihi
692 1663 825 1719 timorem
835 1661 959 1717 dubium
972 1673 1050 1718 eoetu
1063 1665 1173 1720 solante

114 1755 229 1826 fallere,
249 1755 268 1810 i.
287 1774 312 1811 e.
331 1755 517 1812 dissimulare.
531 1759 625 1832 Lacr.
645 1787 685 1799 -
703 1759 792 1811 Recte
809 1755 857 1810 hio
871 1766 946 1822 stat‚·
964 1754 1015 1812 sed
1030 1755 1172 1830 quidhoc

114 1871 129 1895 ι
140 1847 373 1918 consolante»
391 1849 567 1905 contrarium
589 1849 675 1923 plane
693 1848 824 1903 moribus
850 1846 992 1903 heroicis?
1004 1848 1084 1904 Nihil
1104 1849 1173 1905 novi

113 1940 232 2011 melius,
252 1959 339 2015 quarn
359 1949 395 1998 ex'
415 1942 583 2016 conjectura
601 1941 727 1998 scribere
752 1959 818 1996 eum
837 1943 989 1997 Bernartio
1009 1943 1173 1998 :ucalatho

113 2033 258 2106 solantes
271 2034 347 2091 Vide
363 2034 490 2110 interpp.
505 2035 543 2091 ad
557 2053 599 2106 11,
620 2034 693 2108 4393
713 2043 742 2090 et
756 2052 801 2089 res
814 2044 894 2089 nota.

157 2141 338 2215 Preusarque
356 2141 432 2216 jugo
434 2183 481 2197 .....
514 2141 644 2195 habenas
671 2137 709 2216 (v,
734 2137 815 2214 219).
836 2138 943 2195 Merito
972 2140 1029 2196 hoc
1056 2141 1173 2196 damnat

114 2233 269 2288 Marklad
280 2235 344 2290 Silv.
351 2274 361 2302 ‚
377 2254 403 2305 1,
412 2253 445 2305 u,
463 2235 507 2292 13.
518 2232 686 2310 Legendum
700 2251 765 2287 cum
778 2235 833 2288 ΜΒ
844 2253 852 2287 :
868 2234 1171 2310 upmssasquejugo.»

157 2339 314 2395 Plaudeuti
326 2339 364 2418 (v.
381 2337 460 2417 225).
482 2339 536 2396 Cui
558 2329 920 2396 saltationum‘certamina
940 2340 1170 2396 celebrabantur.

114 2432 149 2483 V.
174 2449 216 2504 sq.
240 2433 386 2487 volucrum
405 2451 516 2507 pareus
537 2443 580 2487 est
601 2440 756 2511 asturpipav
781 2429 918 2502 Homeri;
942 2431 1001 2487 vid.
1025 2433 1170 2488 Lucrina.

115 2524 243 2578 Eurotas
260 2534 355 2579 autem
370 2526 482 2599 olivfier
496 2543 557 2580 non
578 2525 741 2580 celebratur
758 2523 841 2595 alias,
861 2541 958 2598 neque
979 2523 1017 2579 ad
1033 2525 1171 2598 palestrae

116 2615 282 2672 unctionem
297 2617 329 2674 id
346 2618 449 2674 referri
466 2617 605 2674 sermonis
619 2620 696 2693 leges
708 2617 861 2692 patiuntru·
881 2636 888 2672 ε
906 2635 997 2692 quare
1012 2619 1170 2692 praeferen-

116 2708 185 2763 dum
202 2710 285 2783 quod
298 2710 328 2765 iu
346 2712 432 2768 bonis
446 2714 528 2768 MSS.
548 2711 656 2786 reperit
671 2722 699 2767 et
713 2712 798 2783 loeis,
812 2731 846 2783 x,
861 2712 937 2781 504,
950 2714 1073 2779 etoile,
1090 2731 1119 2784 1,
1136 2732 1170 2783 a,

119 2809 189 2871 142,
203 2803 270 2859 satis
285 2803 414 2861 defendit
427 2804 592 2861 Gronovius
611 2823 618 2858 ε
633 2805 758 2878 olonfer.
775 2807 847 2880 Reg.
869 2802 993 2876 rorifer.

156 2898 330 2972 Duplexque
347 2899 451 2954 inserto
465 2899 575 2953 ruissile
588 2899 664 2952 uodo
678 2897 716 2973 (v.
733 2897 811 2974 235).
826 2899 958 2954 Fortasse
972 2898 1086 2973 legend.
1104 2919 1170 2956 oum

114 2991 169 3044 ΜΒ
189 3007 196 3042 :
218 3013 230 3037 α
244 2991 406 3066 duplaeeiqae
424 2992 559 3049 insertum
574 2988 650 3046 miss.
669 3009 721 3045 n.»
739 2993 808 3046 Post
828 2993 951 3046 ledceus
970 3002 1028 3063 est,
1050 2992 1081 3047 in
1101 3011 1169 3049 rno-

115 3082 185 3137 dum
204 3084 289 3139 Ledae
306 3083 440 3142 filiorum.
840 3100 841 3104 ’

156 3177 256 3251 Neque
269 3179 344 3233 eain
356 3179 421 3234 luec
432 3179 533 3250 juveni
534 3177 618 3250 foret
638 3180 826 3254 impulsatus
844 3175 883 3258 (v.
904 3176 983 3255 249).
1006 3180 1170 3238 Necessaria

116 3287 175 3323 esse
195 3269 312 3325 videtur
327 3270 413 3327 lectio
428 3273 484 3326 ΜΒ
505 3271 585 3326 :leae
597 3290 653 3345 pro
668 3271 748 3339 koec,
768 3290 793 3327 c.
811 3270 849 3346 gl.
870 3290 877 3324 :
898 3297 910 3322 u
928 3270 966 3327 ad
986 3283 1042 3327 tam
1063 3272 1168 3330 incon-

115 3363 220 3417 sultum
249 3363 312 3419 iter.
324 3387 339 3415 a
364 3368 459 3421 Mater
478 3365 526 3421 illa
555 3376 616 3422 erat
641 3366 775 3422 Atalanta
803 3365 958 3436 Arcadica,
978 3382 1063 3422 versu
1095 3366 1169 3438 258,
1224 3373 1227 3380 ’

114 3454 212 3512 Diana
228 3477 329 3516 comes.
345 3459 388 3515 Cl.
404 3461 553 3514 Benuanr.
574 3458 685 3526 Coma,
708 3477 793 3529 arou,
807 3469 842 3536 ut
854 3477 881 3514 v.
901 3455 966 3514 325.

156 3548 249 3605 Iberes
266 3548 304 3627 (v.
322 3549 401 3629 266).
416 3555 550 3626 Purpura
563 3551 702 3629 subnigra
716 3571 752 3608 ex
766 3554 862 3607 Ponto
882 3571 904 3608 s.
912 3551 1065 3629 frenaquue
1072 3555 1167 3621 alera,

114 3653 146 3698 ut
165 3643 204 3699 ait
217 3644 334 3720 Virga,
347 3650 428 3714 AEu„
450 3664 496 3716 rx,
513 3645 588 3716 582,
602 3646 653 3702 ubi
671 3666 698 3702 v.
709 3648 796 3702 Sunv.
811 3656 840 3702 et
854 3646 979 3721 interpp.

154 3743 268 3813 Aspera
287 3741 396 3813 plumis
416 3737 454 3818 (v.
482 3737 563 3816 268).
584 3739 718 3796 «Lorioae
737 3739 892 3814 squamis...
917 3741 995 3797 unde
1016 3741 1168 3818 Virgilius,

115 3828 206 3907 [AEa.,
221 3851 272 3902 xi,
289 3829 376 3909 7711:

506 4051 512 4064 .
528 4051 536 4066 .
551 4050 557 4064 .
571 4051 578 4064 .
591 4017 671 4078 Quam
684 4014 847 4080 pellisaheois

220 4101 247 4146 ln
260 4097 367 4165 plumam
381 4097 487 4165 ultumis
497 4114 557 4150 auro
568 4109 678 4150 conserte
690 4099 796 4164 tegebat.
809 4125 821 4143 ω

774 4188 847 4234 Lacr.
