3192 5148
759 507 795 606 ‘P'
819 507 942 562 attam
964 505 1089 564 saartt

499 629 611 699 AEneis
627 630 843 700 venerabitur
858 645 1044 704 canentem.

499 751 570 820 Nec
587 748 696 818 solum
714 749 801 821 dabo
820 751 978 820 carminis
995 752 1156 839 nitorem,
1188 754 1190 764 '
1293 761 1299 776 “

498 869 564 939 Sed
582 867 673 939 taedis
690 869 878 966 genialibus
895 870 1014 940 dicabo

499 993 660 1080 Doctam,
678 1004 779 1085 atque
794 991 932 1086 ingenio
951 1014 1012 1059 suo
1030 990 1204 1079 decoram3

497 1108 644 1199 Qualem
660 1109 785 1181 blanda
801 1113 935 1200 Venus,
954 1109 1116 1206 daretque
1133 1116 1242 1198 Jun03

456 1293 458 1298 ,
495 1233 634 1318 Forma,
650 1228 883 1326 simplicitate,
899 1233 1074 1320 comitate,

496 1352 626 1434 Censu,
644 1350 827 1446 sanguine‚·
838 1353 960 1447 gratia,
977 1352 1106 1424 decore.

458 1501 459 1506 ¹
496 1475 540 1543 Et
555 1484 682 1540 vestros
699 1472 906 1564 Hymenaeon
924 1485 1001 1540 ante
1017 1486 1129 1567 postes

495 1591 626 1660 Faustis
641 1589 795 1660 cantibus
812 1592 884 1685 ipsa
899 1592 1097 1687 personabo.

514 1737 532 1774 a
544 1713 577 1780 Ο
595 1735 688 1780 saevae
705 1710 863 1800 niarium,
883 1710 1208 1807 gravesque'Parcae!

496 1833 529 1900 Ο
546 1854 721 1925 uunquam
737 1831 816 1900 data
832 1830 915 1902 festa
933 1829 1034 1928 longa
1051 1831 1210 1902 summis!

495 1951 568 2019 Cur
585 1947 675 2046 plus,
692 1948 817 2037 ardua‚‘
832 1951 963 2021 casibus
980 1953 1124 2046 patetis?

494 2073 565 2140 Cur
583 2095 668 2140 saeva
685 2072 756 2140 vice
771 2069 896 2167 ¹magna
916 2097 985 2141 non
1004 2073 1205 2143 senescunt?

494 2192 549 2261 Sic
565 2205 683 2284 natum
701 2194 897 2261 Nasamonii
915 2194 1077 2262 Tonantis

492 2287 573 2380 Post
591 2325 686 2382 ortus
703 2312 881 2407 obitusque
897 2310 1090 2383 fulminatos

493 2433 647 2526 Angusto
664 2430 815 2526 Babylon
833 2433 956 2527 premit
968 2432 1128 2529 sepulcro
1146 2461 1155 2503 τ

491 2551 545 2621 Sic
562 2550 667 2620 lirum
684 2552 815 2621 Paridis
832 2557 941 2623 manu'
952 2554 1106 2624 trementi

491 2667 630 2739 Peliden
648 2667 763 2740 Thetis
782 2669 917 2742 horruit
935 2674 1109 2744 cadentem
1127 2701 1137 2745 :

490 2789 644 2891 Sicqripis
662 2816 724 2886 ego
741 2788 983 2863 murmurantis
1000 2795 1104 2865 Hebri

489 2910 569 3002 Non
587 2925 720 2979 mutum
736 2927 838 3009 caput
854 2916 1008 3009 Orpheos
1025 2917 1188 3011 sequebar
1204 2943 1216 2988 τ

491 3028 545 3100 Sic
562 3043 596 3098 et
613 3043 649 3098 ta
667 3027 793 3127 (rabidi
812 3034 905 3102 nefas
922 3037 1057 3130 tyranni
1068 3033 1100 3132 l)

489 3152 604 3219 Jussus
622 3153 956 3247 praecipitemsubire
975 3156 1123 3243 Lethen,

489 3273 581 3340 Dum
599 3296 729 3368 pugnas
748 3276 853 3361 canis,
873 3275 1045 3369 arduaque
1062 3301 1145 3346 voce

489 3392 559 3459 Das
576 3389 693 3460 solatia
712 3394 895 3488 grandibus
911 3385 1092 3489 sepulcris3

492 3509 548 3608 (Ο
566 3508 677 3581 dirum
695 3512 819 3584 scelus!
837 3541 859 3583 o
878 3517 984 3587 scelus
997 3515 1025 3614 l)
1044 3520 1208 3590 tacebis.»

538 3631 592 3700 Sic
612 3630 679 3700 fata
696 3646 765 3720 est,
782 3632 966 3731 leviterque
984 3637 1175 3709 decidentes

440 3809 448 3828 ,
488 3750 623 3819 Abrasit
640 3749 804 3846 lacrymas
821 3756 950 3825 nitente
967 3757 1106 3851 plectro.

535 3871 583 3938 At
602 3883 654 3956 tu,
671 3896 730 3941 seu
749 3874 905 3968 rapidum
923 3876 991 3971 poli
1009 3904 1070 3974 per
1087 3905 1184 3949 axem

487 3991 596 4057 Famae
613 3992 767 4060 curribus
786 3993 898 4063 arduis
916 3993 1061 4085 levatus,

486 4109 564 4197 Qua
583 4126 726 4204 surgunt
745 4113 865 4183 animae
878 4109 1112 4209 potentiores,
