3206 5136
129 511 254 576 (nun.)
347 501 361 507 “’
454 505 669 562 THEBAIDOS
692 503 801 560 LIBER
826 505 874 559 lv.
1159 521 1192 574 η

131 637 257 707 Mortis
277 630 472 727 inexpletae,
493 646 613 724 tuque,
632 654 653 698 o
671 631 853 700 'saevissime
870 629 1032 717 fratrum,

133 757 202 826 Cui
219 755 344 824 servire
361 751 431 821 dati
450 753 586 834 Manes,
603 765 794 844 aeternaque
814 765 950 819 sontum

137 872 453 970 Supplicia,atque
468 870 527 939 imi
546 867 730 940 famulatur
747 871 840 966 regia
860 869 1000 959 mundi,

138 993 268 1066 Solvite
276 991 434 1088 ‘pulsanti
456 990 531 1062 loca
548 1005 662 1078 muta,
683 1005 717 1058 et
732 991 832 1060 inane
847 1015 968 1061 severae

136 1115 391 1208 Persephones,
408 1110 597 1206 vulgusque
614 1135 696 1180 cava
712 1111 776 1180 sub
795 1126 895 1180 nocte
911 1127 1083 1206 repostum

130 1236 281 1339 ⁸Elicite,
301 1248 334 1303 et
351 1233 451 1328 plena
467 1231 582 1301 redeat
601 1234 702 1325 Styga
723 1232 869 1326 portitor
886 1230 976 1300 alno.
1034 1302 1038 1310 ,
1098 1247 1102 1254 ·

140 1361 239 1426 Ferte
253 1354 354 1425 simul
374 1377 507 1450 gressus
523 1379 531 1422 ε
550 1378 612 1423 nec
629 1350 771 1448 simplex
788 1355 947 1424 Manibus
967 1369 1038 1424 esto

140 1481 184 1548 In
204 1476 311 1546 lucem
326 1499 477 1545 remeare
494 1475 637 1544 modus:
656 1489 695 1544 tu
713 1499 830 1571 separe
845 1490 947 1568 coetu·
981 1477 985 1484 ’

141 1596 287 1693 Elysios,
308 1600 443 1682 Persea,
461 1597 551 1690 pios,
575 1597 887 1691 virgaquepotenti
952 1687 955 1695 Ι

143 1716 290 1788 Nubilus
309 1720 412 1786 Arcas
433 1731 512 1811 agat
529 1742 537 1784 :
556 1729 674 1785 contra
696 1741 755 1811 per
775 1717 916 1786 crimina
935 1715 1076 1806 functis,
1169 1753 1173 1764 ·

144 1842 215 1930 Qui
233 1838 345 1933 plures
366 1839 494 1924 Erebo,
513 1835 694 1934 pluresque
711 1861 729 1907 e
750 1841 913 1934 sanguine
935 1838 1070 1938 Cadmi,

145 1967 266 2056 Angue
284 1973 335 2028 ter
351 1979 507 2047 excusso,
527 1973 561 2028 et
577 1957 734 2053 flagranti
750 1959 875 2051 praevia
895 1974 990 2046 taxo,

146 2079 349 2177 Tisiphone,
367 2080 438 2149 dux
454 2079 566 2174 pande
583 2077 693 2168 diem,
714 2102 777 2148 nec
798 2076 882 2149 lucis
899 2095 1036 2174 egentes

149 2201 319 2272 Cerberus
336 2214 479 2270 occursu
499 2201 651 2293 capitum
667 2198 868 2292 detorqueat
889 2199 1060 2270 umbras.»

201 2323 364 2399 Dixerat:
380 2336 413 2390 et
434 2321 561 2416 pariter
581 2321 695 2391 senior
711 2321 926 2414 Phoebeaque
944 2321 1041 2415 virgo

150 2442 297 2513 Erexere
315 2443 469 2510 animos:
491 2440 541 2509 illi
558 2440 740 2512 formidine
753 2440 847 2512 nulla

73 2623 78 2632 .
150 2565 302 2658 (Quippe
319 2564 355 2630 in
370 2561 473 2632 corde
491 2562 621 2657 Deus),
638 2562 748 2632 solum
767 2577 894 2632 tremor
909 2562 1024 2632 obruit
1042 2564 1160 2658 ingens

151 2678 471 2778 OEdipodionideu,
487 2685 642 2777 vatisque
662 2681 831 2754 horrenda
845 2685 996 2754 canentis

152 2809 254 2876 Nunc
271 2805 448 2893 humeros,
468 2829 560 2875 nunc
576 2803 634 2874 ille
654 2829 795 2892 manus,
816 2819 850 2874 et
867 2803 990 2875 vellera
1009 2818 1139 2900 pressat

153 2927 303 3014 Anxius,
321 2926 532 3022 inceptisque
548 2925 628 2995 velit
647 2925 805 2994 desistere
826 2928 938 2995 sacris.

204 3044 324 3136 Qualis
339 3045 480 3116 Gaetulae
497 3046 724 3118 stabulantem
742 3044 783 3116 ad
806 3047 966 3142 confraga
985 3046 1077 3116 silvae

156 3172 308 3239 Venator
325 3166 429 3263 longo
447 3183 579 3239 motum
595 3167 747 3238 clamore.
760 3166 892 3237 leonem

155 3293 349 3385 Exspectat,
369 3288 507 3358 firmans
523 3291 693 3375 animum,
712 3303 746 3358 et
763 3288 919 3358 sudantia
937 3289 1013 3358 nisu

156 3407 239 3480 Tela
259 3433 416 3505 premens
433 3435 441 3477 ι
459 3408 550 3504 gelat
570 3433 630 3480 ora
653 3433 775 3506 pavor,
798 3432 998 3503 gressusque
1019 3412 1217 3480 tremiscunt

157 3531 246 3620 Quis
267 3530 398 3617 veniat,
417 3545 657 3624 quantusque:
676 3529 734 3599 sed
752 3529 890 3600 horrida
907 3531 1002 3626 signa
1022 3530 1196 3602 frementis

158 3651 308 3745 Accipit,
326 3664 360 3718 ct
380 3673 467 3720 caeoa
488 3651 626 3720 metitur
642 3675 818 3719 murmura
836 3675 928 3719 cura.

212 3775 323 3866 Atque
339 3771 393 3842 bic
413 3771 558 3842 Tiresias
579 3770 732 3841 nondum
752 3771 1013 3841 adventantibus
1030 3773 1183 3844 umbris:

165 3900 326 3980 «Testor,
344 3894 408 3982 ait,
424 3892 538 3980 nive,
556 3890 680 3984 quibus
697 3892 790 3962 hunc
800 3893 1025 3962 saturavimus
1040 3893 1173 3988 ignem,
1244 3903 1249 3910 '

163 4015 331 4106 Laevaque
348 4010 521 4083 convulsa
538 4009 694 4080 dedimus
711 4011 882 4082 carchesia
902 4025 1018 4091 terrac,

162 4135 236 4202 Jam
255 4155 388 4226 nequeo
407 4129 552 4204 tolerare
572 4155 703 4201 moram
723 4157 731 4200 ε
752 4156 910 4204 cassusne
930 4131 1086 4202 sacerdos

314 4277 349 4322 n.
1037 4280 1056 4322 2
