3172 5142
186 504 219 565 (v.
234 507 302 571 xrs.)
496 463 712 559 msnmnos
734 503 844 559 sinan
865 503 926 557 vu.
1199 495 1236 574 93

236 628 375 698 Viderat
393 628 547 696 Inachias
562 626 717 721 rapidum
735 625 921 721 glomerare
939 626 1091 696 cohortes

186 749 337 818 Bacchus
352 749 433 842 iter3
453 748 579 842 gemuit
594 748 730 840 Tyriam
747 772 927 816 conversus
942 745 984 815 ad
1000 747 1137 835 urbem,

185 869 413 963 Altricemque
431 867 587 955 domum,
605 882 638 936 et
655 869 782 963 patrios
803 869 1028 937 reminiscitur
1047 869 1157 962 ignes,

185 995 398 1084 Purpureum
416 989 503 1058 tristi
522 989 675 1058 turbatus
694 986 998 1086 pectoravultum5

186 1113 267 1181 Non
286 1111 411 1197 crines,
432 1133 502 1177 non
521 1123 607 1176 serta
625 1106 718 1194 loco;
737 1107 956 1203 dextramque
972 1107 1108 1202 reliquit

186 1231 352 1324 Thyrsus,
373 1243 406 1297 et
424 1230 557 1297 intactae
574 1227 766 1296 ceciderunt
785 1228 944 1296 cornibus
958 1253 1040 1296 uvae.

174 1351 279 1445 'Ergo
296 1364 333 1418 ut
351 1364 425 1417 erat
438 1347 593 1442 lacrymis
611 1346 772 1441 lapsoque
790 1347 977 1416 inhonorus
996 1349 1139 1434 amictu,

186 1475 274 1541 Ante
291 1475 408 1539 Jovem
424 1468 473 1565 (et
488 1483 569 1538 tunc
588 1467 674 1537 forte
688 1468 804 1564 polum
823 1484 968 1540 secretus
987 1466 1150 1562 hahebat)

187 1593 362 1679 Constitit,
379 1585 470 1659 haud
490 1615 639 1683 unquam
657 1589 742 1659 facie
759 1605 958 1686 conspectus
977 1592 1011 1658 in
1030 1589 1103 1672 illa;

187 1714 260 1783 Nec
278 1737 385 1781 causae
403 1711 530 1780 latuere
549 1725 697 1804 patrem,
716 1710 923 1806 supplexque
945 1710 1115 1806 profatur:

237 1862 254 1896 α
265 1831 485 1900 Exscindisnc
505 1845 595 1919 tuas,
615 1833 740 1900 Divum
757 1846 849 1900 sator
865 1833 1007 1926 optime,
1022 1831 1177 1901 Thebas?

188 1956 283 2022 Saeva
303 1950 392 2020 adeo¹
407 1951 551 2044 conjux?
571 1977 631 2021 neo
650 1967 682 2021 te
701 1949 829 2022 telluris
848 1967 978 2038 amatae,

189 2075 396 2169 Deceptique
414 2070 493 2141 laris
512 2075 663 2159 miseret,
682 2053 901 2166 cinerumque
918 2073 1090 2143 meorum?

189 2199 290 2281 Esto,
307 2193 389 2263 olim
407 2195 549 2262 invitum
562 2192 728 2286 jaculatus
743 2194 889 2262 nubibus
906 2196 1036 2288 ignem,

190 2301 389 2385 Credimus:
408 2339 450 2383 en
471 2316 594 2383 iterum
613 2330 685 2382 atra
705 2313 808 2383 refers
827 2313 981 2384 incendia
1001 2316 1116 2400 terris,
1189 2361 1190 2364 κ

189 2441 260 2508 Nec
276 2439 376 2530 Styge
389 2436 520 2529 jurata,
539 2460 602 2504 nec
618 2433 744 2550 pgllicis
763 2451 834 2505 arte
853 2450 1003 2530 rogatus.

188 2558 274 2646 Quis
294 2553 435 2624 modus?
453 2579 495 2622 an
516 2555 613 2623 nobis
632 2569 727 2649 pater
744 2557 916 2649 iratusque
930 2556 1104 2650 bonusque

188 2676 329 2746 Fulmen
345 2675 467 2754 hahes?
486 2673 543 2744 sed
563 2700 632 2744 non
651 2677 800 2745 Danaeia
820 2674 934 2744 limina
953 2675 1044 2766 talis,

188 2797 468 2889 Parrhasiumque
484 2821 618 2882 nemus,
639 2794 840 2890 Ledaeasque
859 2797 922 2866 ibis
942 2795 1106 2891 Amyclas.

189 2915 321 2987 Scilicet
337 2941 356 2984 e
373 2915 503 2984 cunctis
522 2940 584 3010 ego
603 2913 845 3010 neglectissima
863 2918 950 2986 natis

190 3035 389 3133 Progenies?
407 3056 473 3131 ego·
486 3061 605 3130 nempe
624 3051 736 3104 tamen
755 3039 813 3129 qui
833 3036 930 3107 dulce
948 3037 1065 3107 ferenti

189 3157 325 3227 Pondus
345 3181 459 3226 eram:
480 3159 534 3225 cui
552 3170 587 3224 tu
605 3155 762 3252 dignatus
779 3156 896 3227 limina
912 3160 987 3231 vitae

190 3282 461 3371 Praereptumque
480 3279 556 3364 iter,·
574 3291 608 3345 et
625 3293 791 3346 maternos
810 3278 948 3348 reddere
962 3303 1102 3374 menses.

190 3397 302 3483 Adde,
321 3396 413 3491 quod
430 3395 589 3482 imbellis,
607 3399 758 3490 rarisque
775 3400 919 3468 exercita
939 3401 1056 3468 castris

191 3519 305 3587 Turba
319 3543 409 3587 meas
426 3519 528 3606 acies,
548 3543 622 3586 mea
641 3533 772 3587 tantum
787 3497 905 3614 proelia
920 3517 1065 3607 norunt,

191 3641 330 3709 Nectere
345 3637 464 3707 fronde
481 3662 609 3727 comas,
627 3653 662 3708 et
678 3638 721 3707 ad
740 3641 901 3733 inspirata
919 3641 1025 3708 rotari

191 3762 304 3847 Buxa,
323 3761 440 3828 timent
460 3759 590 3853 thyrsos
608 3773 807 3853 nuptarum,
827 3759 997 3854 et‘proelia
1016 3775 1171 3828 matrum
1207 3783 1211 3792 ’

192 3878 292 3946 Unde
312 3880 409 3949 tubas
422 3882 634 3974 Martemque
653 3880 742 3975 pati?
760 3883 842 3974 quin
860 3881 1007 3950 fervidus
1025 3905 1100 3950 ecoe

192 3999 329 4087 Quanta
348 4000 466 4094 parat?
485 4001 566 4095 quid
585 4003 613 4070 si
634 4000 689 4071 ille
707 4017 782 4071 tuos
803 4005 942 4072 Curetas
962 4003 996 4070 in
1013 4025 1106 4070 amna

191 4119 324 4188 Ducat?
343 4132 376 4189 et
394 4123 547 4192 innocuis
562 4123 678 4215 jubeat
694 4122 871 4192 decernere
886 4121 1002 4216 peltis?
