3206 5136
390 477 427 552 32
534 486 536 491 ·
594 457 601 460 ’
719 443 937 526 rnnnamos
957 469 1070 526 unna
1091 470 1127 524 v.
1350 467 1442 531 (ιϋ.)

391 593 513 679 Terra,
534 615 595 660 nee
613 590 670 661 illa
689 594 790 662 Samo
808 593 914 672 sama,
934 591 1062 664 Delove
1080 592 1212 662 sonanti

390 711 508 805 Pejor,
521 725 562 780 et
581 714 765 782 innumeris
783 738 867 807 quas
886 713 1050 808 spumifer
1069 711 1173 782 assilit
1192 715 1311 808 AEgon.

390 832 454 901 Dis
472 832 581 902 visum
600 833 738 902 turbare
755 832 873 903 domos
892 859 900 902 τ
920 858 984 903 nee
1000 848 1136 928 pectora
1152 831 1252 926 culpa

391 953 516 1025 Nostra
531 945 677 1022 vacant:
694 951 805 1023 nullos
821 955 947 1026 Veneri
962 955 1166 1024 sacravimus
1181 955 1273 1049 ignes
1291 980 1300 1023 ε

391 1071 494 1142 Nulla
512 1076 590 1143 Dea
609 1071 704 1142 sedes
725 1100 734 1142 ε
755 1088 868 1144 movet
886 1088 920 1143 et
939 1050 1085 1144 coelestia
1106 1071 1275 1167 quondam

392 1192 505 1262 Corda
524 1192 639 1280 dolor,
657 1193 817 1288 lentoque
836 1196 990 1289 irrepunt
1009 1197 1141 1290 agmine
1161 1198 1281 1267 Poenae.

389 1283 393 1310 ι
442 1311 532 1384 «Illa
549 1314 690 1408 Paphon
704 1329 853 1385 veterem
870 1329 1071 1408 centumque
1090 1311 1207 1383 altaria
1224 1311 1396 1406 linquens,

329 1507 332 1514 ,
392 1437 466 1509 Nee
480 1432 594 1524 vultu,
611 1461 674 1505 nec
691 1436 784 1505 crine
800 1439 913 1532 prior,
931 1435 1068 1507 solvisse
1080 1433 1228 1530 jugalem

393 1559 536 1644 Ceston,
555 1571 590 1626 et
607 1554 729 1625 Idalias
749 1556 867 1652 procul
889 1556 1058 1653 ablegasse
1077 1555 1227 1625 volucres
1374 1588 1382 1620 ι

394 1681 514 1748 Fertur
531 1702 539 1744 ε
557 1691 654 1746 erant
670 1691 778 1767 certe,
796 1677 907 1746 media
922 1702 996 1771 quae
1013 1677 1120 1746 noctis
1135 1678 1171 1745 in
1186 1675 1306 1744 umbra

392 1799 536 1889 Divom,
556 1797 638 1868 alios
657 1801 751 1894 ignes
773 1799 968 1894 majoraque
989 1797 1053 1867 tela
1074 1811 1264 1892 gerentem,

299 2017 308 2033 ,
393 1923 569 1990 Tartareas
587 1919 676 1989 inter
696 1918 849 1988 thalamis
868 1917 1023 2008 volitasse
1041 1941 1173 1988 sorores

275 2057 281 2067 ·
395 2039 582 2136 Vulgarent
601 2067 609 2110 :
627 2055 731 2135 utque
749 2039 918 2136 implicitis
937 2063 1058 2109 arcana
1078 2037 1257 2108 domorum
1319 2027 1321 2030 ’

394 2161 586 2257 Anguibus,
608 2177 642 2230 et
662 2186 748 2231 saeva
768 2159 946 2240 formidine
966 2175 1088 2231 cuncta
1107 2155 1250 2254 replevit

396 2283 544 2370 Limina,
566 2306 627 2352 nec
647 2275 704 2350 lidi
724 2280 887 2377 populum
907 2281 1063 2352 miserata
1081 2279 1210 2366 mariti3

395 2407 552 2476 Protinus
568 2428 588 2473 a
602 2407 731 2473 Lemno
747 2403 852 2473 teneri
872 2401 1002 2498 fugistis
1021 2404 1161 2472 Amores
1178 2425 1186 2468 :

395 2529 511 2597 Motus
529 2529 678 2619 Hymen,
697 2547 869 2617 versaeque
887 2515 994 2611 laces,
1012 2537 1045 2592 et
1065 2520 1187 2618 frigida
1201 2520 1284 2615 justi

397 2649 488 2716 Cura
503 2647 570 2715 tori
586 2671 595 2715 ε
612 2644 711 2716 nullae
726 2643 870 2716 redeunt
884 2645 919 2714 in
936 2643 1059 2740 gaudia
1073 2656 1208 2730 noctes,

396 2765 520 2839 Nullus
536 2767 572 2834 in
588 2764 742 2860 amplexu
759 2790 862 2861 sopor
879 2781 930 2835 est
947 2791 955 2834 :
972 2765 1052 2836 odia
1067 2787 1185 2859 aspera
1199 2762 1345 2856 ubique,

397 2890 443 2956 Et
462 2889 589 2975 Furor,
611 2901 645 2956 et
663 2885 775 2955 medio
796 2885 934 2956 recubat
953 2883 1131 2956 Discordia
1147 2881 1245 2953 lecto.

398 3011 491 3078 Cura
504 3007 585 3077 viris
601 3005 748 3078 tumidos
764 3006 903 3077 adversa
918 3007 1065 3076 Thracas
1083 3007 1118 3075 in
1136 3028 1196 3074 ora

397 3131 547 3218 Eruere,
566 3142 601 3198 et
616 3152 737 3197 saevam
757 3125 913 3197 bellando
931 3125 1085 3222 frangere
1103 3140 1248 3222 gentem.
1328 3153 1330 3161 ’

448 3250 659 3344 «Quumque
681 3247 800 3318 domus
818 3263 958 3339 eontra,
979 3262 1168 3342 stantesque
1188 3245 1223 3314 in
1246 3222 1347 3328 litore
1368 3244 1448 3332 nati,

399 3364 539 3440 Dulcius
554 3367 690 3439 Edonas
706 3369 850 3456 hiemes,
864 3374 1059 3462 Arctonque
1074 3366 1269 3436 hementem

400 3490 579 3583 Excipere,
595 3505 654 3560 aut
669 3487 803 3558 tandem
821 3490 921 3558 tacita
936 3503 1013 3584 post
1029 3484 1147 3582 proelia
1159 3498 1262 3556 nocte

400 3613 598 3680 Fractornm
613 3609 740 3680 subitas
757 3625 945 3681 torrentum
962 3608 1080 3679 audire
1095 3608 1220 3676 ruinas.
1279 3631 1282 3641 ·

451 3758 469 3795 α
481 3727 551 3798 Illae
573 3745 684 3799 autem
705 3731 814 3800 tristes
834 3729 936 3827 (nam
956 3755 1010 3799 me
1031 3743 1112 3798 tune
1130 3726 1236 3796 libera
1255 3727 1346 3794 curis

400 3850 770 3946 Virginitas,'annique
789 3849 932 3946 tegunt)
952 3850 1016 3920 sub
1034 3863 1133 3919 nocte
1154 3845 1273 3941 dieque

400 3969 551 4042 assiduis
571 3995 667 4068 aegrae
688 3969 861 4067 lacrymis,
883 3969 1026 4040 solantia
1044 3971 1185 4040 miscent

402 4090 597 4187 Colloquia,
615 4106 673 4162 aut
691 4091 812 4163 saevam
832 4107 984 4188 spectant
1003 4106 1095 4162 trans
1113 4112 1250 4185 aequora
1267 4089 1431 4159 Thracen.
