3172 5142
152 439 269 502 teuta
456 433 675 493 runauoos
697 435 809 492 crena
829 435 911 512 vna
1157 430 1210 490 ιν.
1310 431 1313 442 ·

153 567 226 632 Ceu
242 574 426 657 spectetur,
441 562 533 657 agit:
550 559 672 656 triplici
688 561 858 631 velaverat
870 575 964 632 ostro

152 689 335 780 Surgentes
353 684 538 774 etiamqum
556 684 731 771 humeros,
752 697 787 752 et
806 681 894 752 levia
915 698 1025 752 mater

152 810 319 876 Pectora:
341 822 422 876 tunc
442 831 525 875 auro
541 803 715 901 phaleras,
737 830 888 899 auroque
906 806 1043 901 sagittas

152 927 383 1022 Cingulaque,
401 942 435 996 et
454 927 621 1014 manicas,
640 951 683 995 ne
700 926 846 1022 conjuge
864 926 964 996 vilior
980 929 1061 1013 iret,

152 1051 340 1135 Presserat,
360 1063 394 1117 et
412 1050 554 1117 mixtum
572 1071 660 1116 cono
680 1049 888 1142 crispaverat
906 1073 1036 1120 aurum.

151 1165 290 1236 Talibus
309 1165 389 1236 heu!
409 1167 516 1237 fidens
535 1182 634 1236 vocat
651 1165 742 1238 ultro
763 1168 798 1236 in
818 1165 935 1262 proelia
954 1170 1085 1240 Graios.

150 1291 202 1358 Ao
221 1291 368 1383 primum
386 1287 499 1358 faciles
516 1302 686 1384 grassatus
705 1287 843 1382 cuspide
860 1303 988 1357 turmas

152 1415 255 1480 Arma
272 1408 373 1480 refert
389 1410 503 1498 sociis,
521 1422 555 1478 et
571 1410 606 1477 iu
621 1410 754 1502 agmina
770 1408 855 1497 lida,
873 1424 1006 1504 peracta

92 1537 95 1542 '
151 1529 270 1620 Cede,
286 1530 374 1600 redit
390 1556 398 1599 ε
416 1530 463 1600 sic
481 1533 638 1625 Hyrcana
653 1527 705 1600 leo
721 1532 863 1625 Caspius
882 1530 1001 1600 umbra

149 1650 272 1723 Nudus
285 1651 410 1740 adbuc,
426 1651 585 1746 nulloque
595 1651 686 1745 juba
699 1651 853 1721 flaventis
865 1653 995 1722 honore

148 1771 341 1858 Terribilis,
358 1772 540 1868 magnique
556 1773 741 1842 etiamnum
756 1773 930 1867 sanguinis
949 1774 1083 1861 insons,

149 1892 252 1962 Haud
269 1890 386 1987 procul
405 1917 425 1961 a
446 1889 586 1962 stabulis
604 1907 718 1987 captat
734 1893 872 1962 custode
890 1909 1020 1963 remoto

150 2015 261 2108 Segne
278 2037 400 2108 pecus,
421 2027 601 2106 teneraque
618 2011 739 2082 famem
760 2014 929 2082 consumit
946 2015 981 2083 in
1000 2039 1095 2108 agna.

202 2135 285 2202 Mox
305 2133 459 2226 ignotum
478 2134 599 2220 armis,
619 2157 659 2202 ac
676 2131 750 2202 solo
769 2157 911 2228 corpore
931 2158 1065 2205 mensus

151 2253 266 2348 Tydea
285 2277 354 2322 non
376 2253 488 2322 timuit
509 2279 517 2320 ε
539 2251 716 2348 fragilique
736 2251 896 2322 lacessere
914 2252 981 2323 telo
1041 2263 1044 2270 ’

153 2375 279 2468 Saepius
296 2372 544 2443 infrendentem
562 2371 654 2458 aliis,
673 2372 823 2467 aliosque
842 2390 1035 2468 sequentem

152 2497 264 2563 Ausus
284 2508 357 2564 erat
375 2519 385 2561 t
405 2492 540 2564 tandem
559 2492 724 2563 invalidos
742 2493 873 2565 AEtolus
892 2495 935 2565 ad
953 2497 1038 2565 ictus

153 2618 251 2683 Forte
270 2612 372 2684 refert
391 2613 525 2702 oculos,
545 2628 580 2683 et
600 2613 813 2682 formidabile
833 2614 944 2685 ridens
966 2641 974 2682 :

152 2733 383 2804 «iamdudum
402 2733 517 2819 video,
537 2757 698 2829 magnum
717 2737 829 2829 cupis,
850 2736 1024 2831 improbe,
1046 2735 1103 2807 leti

151 2857 301 2942 Nomen,
313 2883 332 2920 s
350 2855 399 2922 ait
419 2880 427 2922 ι
447 2853 546 2924 simul
564 2854 727 2925 audacem
748 2880 816 2924 non
836 2879 934 2942 ense,
956 2881 1017 2925 nec
1036 2857 1132 2927 hasta

151 2975 336 3069 Dignatus,
356 2971 472 3044 leviter
490 2973 605 3070 digitis
624 2973 756 3044 imbelle
773 2973 891 3044 solutis

151 3094 281 3187 ubjecit
297 3094 446 3189 jaculum
466 3121 474 3164 :
497 3093 640 3164 latebras
661 3110 772 3164 tamen
791 3095 939 3190 inguinis
959 3094 1024 3166 alte

150 3213 296 3302 Missile,
315 3240 375 3284 ceu
394 3216 473 3284 totis
490 3216 653 3284 intortum
672 3214 800 3284 viribus
817 3215 938 3284 bausit.

149 3337 302 3406 Praeterit
318 3334 408 3405 haud
426 3334 566 3404 dubium
585 3335 662 3423 fati,
683 3349 717 3403 et
735 3333 879 3428 spoliare
898 3335 1048 3430 superbit

149 3455 301 3527 OEnides
315 3482 323 3524 :
338 3459 481 3550 «Neque
491 3457 579 3526 enim
589 3455 649 3524 has
659 3456 776 3542 Marti,
788 3470 847 3524 aut
856 3455 935 3542 tibi,
947 3454 1066 3528 bellica
1076 3455 1200 3546 Pallas,

148 3579 296 3646 Exuvias
316 3575 477 3671 ligemus,
497 3577 544 3646 ait
566 3601 574 3642 ε
595 3574 712 3672 procul
733 3591 845 3644 arceat
865 3577 976 3671 ipsum

148 3699 248 3766 Ferre
266 3696 403 3790 pudor:
421 3697 475 3764 vix
494 3696 522 3766 si
540 3693 665 3766 bellum
684 3697 844 3766 comitata
864 3694 988 3766 relictis

148 3814 290 3912 Deipyle
321 3814 493 3903 thalamis,
514 3815 562 3886 illi
582 3814 751 3886 illudenda
771 3814 960 3885 tulissem.»

196 3937 252 4006 Sic
272 3938 346 4006 ait:
369 3950 404 4006 et
422 3935 502 4006 belli
519 3937 648 4031 majora
667 3933 709 4004 ad
728 3935 865 4029 premia
882 3951 993 4006 mente

147 4058 295 4127 Ducitur
314 4084 321 4126 :
342 4059 529 4128 innumeris
548 4058 648 4129 veluti
668 4053 723 4127 leo
741 4052 829 4126 forte
845 4058 971 4152 potitus
