3094 5140
108 487 1169 523 mmmmm

332 753 556 858 LIBER
591 751 948 856 DECIMUS.

560 1097 720 1112 ’.οι-ι-

113 1293 283 1423 Onnum
301 1353 464 1446 Hesperia
482 1353 645 1422 Pboebum
666 1375 734 1420 nox
750 1349 889 1420 humida
908 1363 1028 1443 portu,

109 1474 268 1567 Imperiis
285 1489 468 1569 properate
482 1477 573 1544 Jovis
593 1499 601 1542 :
621 1499 684 1543 nec
704 1488 814 1542 castra
829 1469 1009 1566 Pelasgum

109 1597 183 1664 Aut
194 1595 312 1690 Tyrias
329 1597 507 1665 miseratus
524 1619 625 1692 opes,
644 1594 703 1664 sed
719 1597 834 1682 triste,
849 1607 901 1662 tot
920 1606 1015 1660 extra
1109 1658 1111 1666 ,

109 1718 257 1810 Agmina
275 1732 308 1786 et
328 1719 512 1787 immeritas
530 1716 620 1787 ferro
641 1714 836 1786 decrescere
856 1729 983 1810 gentes.

109 1835 278 1908 Panditur
291 1840 457 1908 immenso
471 1839 631 1908 deformis
643 1840 811 1932 sanguine
825 1861 974 1932 campus.

110 1957 188 2028 Illic
202 1985 310 2046 arma,
327 1975 361 2029 et
378 1985 500 2054 equos,
519 1959 614 2030 ibant
627 1960 752 2054 quibus
770 1975 849 2028 ante
866 1958 1024 2053 superbi,

112 2085 315 2175 Funeraque
332 2082 416 2151 orba
432 2083 539 2176 rogis,
556 2080 775 2176 neglectaque
794 2079 946 2149 membra
961 2076 1170 2170 relinquunt.

110 2203 210 2269 Tunc
225 2203 391 2272 inhonora
410 2203 532 2273 cohors
553 2202 671 2272 laceris
686 2203 873 2297 insignibus
893 2223 998 2295 aegres

113 2326 305 2392 Secernunt
321 2326 408 2394 acies
420 2378 430 2410 ,
444 2341 632 2420 portaeque,
652 2325 846 2394 ineuntibus
862 2347 955 2392 arma

112 2451 276 2539 Angustee
293 2445 447 2541 populis,
465 2447 532 2516 late
548 2472 669 2542 cepere
686 2471 849 2517 reversos.

114 2569 182 2634 Par
201 2569 372 2661 utrimque
392 2567 513 2637 dolor:
537 2569 595 2638 sed
615 2568 696 2638 dant
717 2568 835 2638 solatia
850 2568 976 2638 Thebis

114 2691 274 2777 Quatuor
286 2704 436 2760 errantes
454 2694 612 2760 Danaum
629 2693 701 2762 sine
720 2691 861 2787 praeside
879 2707 1014 2776 turmae;

113 2813 188 2880 Ceu
205 2835 298 2880 mare
311 2835 373 2906 per
388 2813 558 2883 tumidum
572 2813 680 2882 viduae
695 2812 948 2883 moderantibus
964 2811 1053 2900 alni,

114 2933 210 3021 Quas
228 2937 340 3020 Deus,
358 2948 393 3002 et
413 2959 525 3020 casus,
545 2948 827 3028 tempestatesque
847 2934 1049 3030 gubernent.

165 3054 250 3124 Inde
273 3057 405 3126 animus
430 3057 558 3151 Tyriis,
582 3080 651 3125 non
678 3056 749 3151 jam
774 3080 834 3125 sua
856 3070 980 3142 castra,
999 3054 1057 3124 secl
1082 3052 1173 3126 ultro

115 3174 283 3245 Hostilem
301 3201 436 3246 servare
454 3176 584 3272 bugam,
606 3201 649 3248 ne
668 3177 756 3247 forte
773 3180 933 3272 Mycenas

114 3299 277 3367 Contenti
293 3297 433 3367 rediisse
454 3311 571 3393 petent
593 3298 678 3368 :dot
697 3315 825 3368 tessera
841 3300 975 3394 signum

115 3419 296 3506 Excubiis,
316 3421 499 3515 positaeque
518 3421 607 3488 vices
630 3447 638 3488 ι
659 3419 728 3488 dux
749 3421 858 3489 noctis
875 3434 1001 3512 opertae

116 3541 215 3608 Sortc
231 3542 363 3635 Meges,
383 3539 541 3634 ultroque
560 3544 670 3635 Lycus
689 3567 697 3608 τ
714 3541 854 3634 jamque
869 3539 989 3608 ordine
1005 3540 1100 3631 jusso
1184 3633 1187 3640 .

116 3666 237 3746 Arma,
256 3662 376 3757 depes,
393 3663 574 3757 ignemque
588 3662 728 3731 ferunt:
750 3686 809 3730 rex
830 3661 944 3730 firmet
960 3674 1079 3729 euntes
1098 3687 1106 3728 :

165 3816 182 3850 α
202 3785 356 3854 Victores
374 3788 553 3869 Danaum,
573 3807 635 3852 nec
657 3784 747 3851 enim
770 3781 828 3851 lux
848 3783 994 3851 crastina
1013 3780 1136 3876 longe,

56 3881 64 3892 ⁹
117 3907 189 3974 Nec
208 3931 282 3999 quae
296 3930 358 3999 pro
379 3905 505 3974 timidis
521 3907 743 3974 intercessere
763 3903 911 3974 tenebrae

117 4029 259 4121 Semper
273 4041 391 4111 erunt,
408 4041 530 4121 augete
549 4027 694 4114 animos,
712 4042 745 4094 et
762 4025 863 4121 digna
882 4023 1036 4095 secundis

120 4151 259 4218 Pectora
277 4149 363 4217 ferte
383 4151 490 4217 Deis:
506 4150 597 4242 jacet
616 4149 726 4217 omnis
743 4147 849 4243 gloria
865 4151 1001 4234 Lernae,
