3156 5138
135 523 257 588 (ως.)
478 521 676 578 unvanun
697 521 806 580 arnan
830 523 864 578 v.

135 657 291 722 Caesarea
307 651 430 720 donata
450 646 567 719 manu!
588 648 679 744 quod
696 649 840 720 subdere
857 650 962 728 robur

136 774 203 843 Illa
219 773 305 859 dies,
324 786 491 866 quantum
512 772 624 865 potuit
640 769 823 866 dempsisse
843 768 998 844 senectae!

138 901 217 964 Heu
235 893 328 989 quod
342 915 396 962 me
416 894 521 963 mixta
539 917 683 986 quercus
698 917 767 962 non
784 896 906 989 pressit
920 892 1027 982 oliva,
1063 895 1066 902 ’

136 1019 183 1086 Et
199 1014 286 1113 fugit
305 1029 457 1111 speratus
471 1013 601 1101 bonos,
619 1039 725 1108 quum
742 1018 864 1084 Lustra
879 1018 1029 1110 parentis

136 1136 259 1207 Invida
274 1138 408 1233 Tarpeii
426 1131 592 1205 canerem!
611 1137 660 1204 Te
678 1149 793 1204 nostra
810 1139 972 1232 magistro
1016 1185 1018 1196 ·

137 1259 283 1328 Thebais
301 1259 442 1353 urgebat
458 1258 645 1353 priscorum
661 1255 799 1326 exordia
816 1272 959 1344 vatum;‚
997 1265 998 1268 ’

136 1384 191 1450 Tu
209 1393 328 1450 cantus
344 1376 517 1448 stimulare
537 1397 645 1466 meos,
664 1392 702 1448 tu
721 1376 868 1473 pandere
887 1379 975 1454 facta

137 1505 313 1570 Heroum:
329 1496 475 1595 bellique
496 1497 634 1588 modos,
653 1501 849 1594 positusque
868 1498 1019 1572 locorum

137 1621 364 1690 Monstrabas.
378 1621 487 1690 Labat
504 1620 635 1689 incerto
653 1621 735 1690 mibi
752 1619 856 1691 limite
875 1646 992 1692 cursus
1054 1691 1057 1696 .

137 1745 187 1811 Te
208 1742 297 1830 sine,
317 1735 355 1811 et
365 1742 493 1812 orbatae
508 1741 653 1838 caligant
672 1740 745 1812 vela
765 1743 898 1812 carium
1000 1809 1004 1818 ,

188 1865 262 1934 Nec
281 1862 390 1933 solum
409 1861 504 1958 larga
522 1864 785 1958 memetpietate
802 1863 955 1953 fovebas3
1052 1929 1054 1936 Α

136 1983 228 2054 Talis
246 2000 279 2054 et
293 1987 329 2054 in
346 1981 510 2054 thalamos
529 2008 537 2052 ε
557 2007 625 2052 una
645 1983 707 2053 tibi
724 1987 859 2080 cognita
880 1985 964 2056 taeda

137 2106 334 2195 Connubia,
350 2121 445 2174 'unus
459 2112 583 2191 amor,
593 2119 683 2179 certe
697 2105 871 2200 sejungere
890 2121 1033 2177 matrem

136 2229 214 2295 Jam
235 2222 354 2322 gelidis
372 2247 503 2320 nequeo
524 2224 657 2311 bustis,
669 2239 704 2294 te
720 2226 836 2315 sentit,
858 2225 1038 2321 habetque,
1070 2277 1073 2284 »

136 2351 186 2417 Te
203 2346 312 2436 videt,
329 2361 364 2416 et
383 2344 532 2415 tumulos
549 2359 693 2439 ortuque
709 2346 871 2440 obituque
887 2345 1025 2434 salutat,
1082 2397 1084 2403 ,

138 2469 189 2538 Ut
207 2469 349 2538 Pharios
367 2466 440 2537 aliae
455 2467 541 2542 ficta
556 2468 682 2563 pietate
698 2465 832 2536 dolores

138 2587 408 2685 Mygdoniosque
426 2586 558 2677 uolunt,
575 2601 609 2656 et
627 2613 698 2658 non
716 2613 776 2658 sua
792 2587 911 2658 limera
925 2587 1069 2683 plorant.

187 2709 282 2799 Quid
296 2709 444 2779 ‘referam
460 2709 626 2804 expositos
642 2724 776 2800 seruato
789 2709 938 2804 pondere
949 2711 1088 2784 mores?
1162 2781 1166 2790 ,

137 2834 223 2921 Quae
242 2829 372 2927 pietas?
389 2855 493 2926 quam
512 2828 578 2900 vile
595 2828 747 2900 lucrum?
761 2855 834 2926 quae
852 2856 933 2901 cura
950 2831 1113 2926 pudoris?

137 2954 296 3041 Quantus
312 2975 408 3022 amor
422 2950 529 3021 recti?
549 2975 751 3046 rursusque,
777 2951 835 3023 ubi
853 2948 953 3022 dulce
970 2954 1111 3042 remitti,

136 3075 258 3145 Gratia
278 3091 354 3168 quae
373 3074 493 3144 dietis?
509 3075 624 3144 animo
644 3099 747 3170 quam
765 3071 858 3145 nulla
876 3074 1048 3148 senectus?

136 3196 197 3264 His
218 3195 279 3264 tibi
300 3220 363 3290 pro
382 3193 529 3284 meritis,
549 3195 673 3264 famam
690 3194 878 3290 laudesque
891 3195 1053 3290 benignas
1163 3250 1165 3258 .

135 3314 242 3385 ludex
258 3341 339 3386 cura
357 3315 473 3405 deum,
492 3315 654 3411 nulloque
673 3341 693 3386 e
712 3314 851 3385 vulnere
868 3317 980 3386 tristes
1036 3361 1040 3371 ·

137 3438 334 3507 Concessit:
355 3438 497 3532 raperis,
512 3438 659 3532 genitor,
676 3463 745 3507 non
763 3436 897 3531 indigus
917 3438 994 3527 aevi,

135 3559 215 3629 Non
233 3557 373 3646 nimius3
390 3551 556 3650 *trinisque
572 3557 690 3628 decem
706 3557 936 3654 quinquennia
955 3556 1070 3629 lustris

135 3680 257 3747 Juncta
272 3677 406 3747 ferens:
428 3677 492 3748 sed
506 3703 559 3748 me
579 3681 687 3774 pietas
707 3687 902 3765 numerare,
922 3677 1086 3775 dolorque

139 3799 216 3867 Non
234 3799 315 3868 sinit
332 3823 339 3867 :
360 3823 382 3867 ο
397 3799 506 3894 Pylias
520 3802 582 3870 aevi
601 3799 838 3870 transcendere
851 3813 973 3888 metas,

137 3919 181 3986 Et
194 3921 349 3988 Teucros·
358 3945 491 4013 equare
506 3945 617 4008 senes,
632 3944 654 3989 o
671 3919 773 4016 digne
787 3918 900 3990 videro

137 4036 945 4136 ffimfflfflmffifflmmw

137 4159 273 4254 Quippe
287 4156 376 4229 leves
391 4185 513 4249 causam
532 4185 593 4232 nec
610 4162 720 4257 segnis
736 4161 813 4232 tabe
832 4159 927 4234 senili
1006 4230 1010 4237 .
