3206 5136
411 484 452 539 ΙΝ
469 484 498 538 Ρ.
523 483 552 536 P.
576 481 705 546 statu
724 479 817 536 stLv.
841 482 910 536 LIB.
934 483 968 535 V.
1155 485 1209 558 287

203 601 316 660 Se'cuti..·.
331 602 456 673 sepulcri
460 597 498 676 (v.
511 596 569 676 δι).
580 599 668 669 Quod
683 599 786 656 AEneas
804 598 933 656 Anchise
945 599 976 656 in
990 600 1085 659 Sicilia
1098 604 1212 661 struxit.

158 694 188 750 N
191 704 272 750 otum
286 711 321 750 ex
338 681 468 768 Virgilii.
528 751 535 760 ὁ

205 787 355 864 Graiorum
367 787 415 842 uis
426 789 486 840 ulla
500 786 593 842 urium
614 781 653 862 (v.
670 779 727 860 54).
745 785 809 840 Hoc
822 801 882 839 non
899 784 981 840 nimis
1001 785 1076 842 bene
1094 786 1212 846 dictum.

158 885 199 934 at
212 879 280 936 vide
295 878 365 953 quid
388 879 492 936 odeat
512 877 577 936 cod.
595 876 716 952 Rhedig.
737 887 766 932 et
778 895 868 954 marg.
883 877 969 934 Paris.
985 898 992 934 :
1007 880 1051 934 ars
1064 881 1144 938 nuda
1162 883 1211 938 ui·

159 991 242 1038 aum,
258 970 380 1048 egregie.
393 971 514 1029 Accedit
527 970 572 1029 ed
588 973 661 1028 Vera.
678 989 685 1030 t
699 970 744 1026 uis
757 971 824 1027 ude.

202 1065 393 1138 Pnaciperem
413 1066 534 1120 reditum
556 1060 594 1140 (v.
611 1060 670 1138 59).
691 1086 704 1112 s
718 1064 741 1118 1.
763 1082 788 1124 e,
806 1074 1016 1134 monstrarem,
1039 1076 1140 1139 utpote
1161 1086 1211 1122 sa-

159 1157 262 1212 cerdos
285 1167 314 1212 et
335 1166 439 1230 potens
463 1156 640 1215 umbrarum.
657 1155 787 1213 Verbum
807 1158 966 1230 praecepere
988 1158 1164 1234 magistrale,
1183 1170 1212 1215 et

158 1248 362 1306 auctoritatem
368 1247 495 1308 denotat.
503 1273 516 1300 s
528 1250 647 1306 Marna.
657 1248 738 1305 Idem
751 1249 850 1321 paullo
858 1237 925 1322 post
931 1268 986 1323 pro
993 1262 1069 1307 torvo
1076 1252 1197 1318 Maroni
1200 1291 1209 1318 ,

160 1341 246 1415 quod
254 1361 308 1398 nec
322 1341 474 1415 ipssrideo
490 1339 640 1415 quomodo
654 1340 746 1414 possit
762 1341 858 1396 locum
874 1341 997 1414 habere,
1010 1343 1062 1402 etsi
1076 1344 1152 1400 bella
1163 1362 1211 1400 ce-
1287 1371 1291 1383 ·

160 1433 234 1488 cinit
252 1433 403 1509 Virgilius,
423 1434 499 1505 conj.
515 1435 600 1506 docto
612 1433 653 1488 M.
839 1493 843 1499 Δ

201 1529 238 1582 In
253 1528 412 1597 ardentem,
427 1523 473 1604 (si)
488 1527 586 1594 liceat,
609 1525 745 1582 moritura
763 1526 896 1582 moritum
909 1523 946 1603 (v.
962 1524 1021 1604 68).
1039 1529 1084 1584 sl.
1101 1545 1126 1584 a.
1142 1547 1209 1584 mo-

157 1618 238 1674 riens
254 1637 283 1675 se
295 1619 422 1690 jactura,
438 1618 607 1692 impositura
619 1618 650 1674 in
663 1619 812 1690 maritum,
826 1621 871 1674 vel
888 1618 1027 1680 moritura
1045 1637 1130 1698 super
1146 1637 1211 1676 ma-
1320 1615 1321 1622 '

158 1712 258 1769 ritum.
282 1712 359 1768 Nihil
381 1711 471 1786 magis
493 1710 692 1769 statianum.»
711 1712 869 1784 Gaort.,p.
890 1711 961 1781 336,
984 1731 1071 1787 quem
1091 1730 1118 1768 v.
1146 1713 1210 1770 coll

160 1804 268 1860 Markl.
876 1851 878 1854 .

202 1897 261 1952 Sed
272 1915 323 1952 nec
341 1899 425 1952 modo
439 1916 472 1950 sc
484 1893 522 1972 (v.
539 1915 572 1966 7¹
592 1894 678 1973 sqq.).
697 1895 812 1969 Optime
826 1897 930 1955 horum
943 1916 1078 1956 versuum
1093 1911 1209 1958 seuten-

160 1989 232 2045 tiam
254 1989 380 2062 expediit
402 1992 510 2060 Gron,
531 2008 562 2062 p.
581 1990 635 2059 337
653 2009 713 2063 sq„
734 1988 817 2062 cujus
837 1989 1057 2061 explicationem
1075 2003 1211 2069 tanquam

161 2099 243 2138 suam
264 2081 304 2139 ita
324 2081 452 2138 reddidit
469 2081 572 2138 Markl.
594 2100 601 2136 :
624 2081 704 2138 «snt
718 2080 835 2154 objiciat
850 2081 976 2154 aliquis:
993 2101 1082 2157 quare
1102 2095 1135 2142 tu
1154 2097 1211 2144 tam

160 2174 324 2230 irnmaniter
337 2175 432 2247 doles,
452 2174 688 2249 quandoquidem
708 2192 804 2248 neque
818 2185 919 2230 natura
936 2191 1033 2248 neque
1048 2177 1144 2250 pristas
1163 2177 1211 2234 in-

159 2269 238 2341 juste
259 2267 288 2322 in
309 2268 363 2327 ltac
385 2287 417 2324 re
433 2268 528 2328 decit:
546 2281 648 2323 namra
658 2307 667 2334 ,
689 2265 757 2340 quia
773 2265 910 2324 naturalis
928 2263 1005 2326 ordo
1025 2261 1114 2328 estut
1130 2281 1213 2343 pater

161 2359 305 2434 praecedat
318 2357 430 2429 ,filium3
445 2362 560 2434 pietas,
584 2359 652 2434 quia
673 2369 706 2414 tu
723 2357 770 2432 pie
791 2359 871 2434 luges
890 2355 980 2432 patris
997 2359 1125 2432 obitum
1141 2373 1171 2420 at
1187 2362 1211 2420 si

162 2450 298 2522 injustam
311 2452 369 2507 haee
383 2471 413 2507 se
425 2450 559 2522 dedisset,
574 2452 621 2507 ille
637 2461 738 2506 contra
753 2461 835 2506 tuum
852 2451 965 2506 obitum
978 2449 1025 2526 pie
1038 2452 1172 2510 luxisset:
1183 2466 1211 2530 et

160 2543 223 2599 haec
242 2543 359 2618 quidem
373 2543 470 2600 fuisset
483 2543 580 2619 pietas
594 2541 707 2614 injusta.
722 2542 889 2617 Respondet
902 2542 1007 2600 Statius
1023 2564 1030 2600 ι
1049 2539 1123 2601 Vera
1142 2546 1211 2621 qui-

161 2637 231 2696 (tem
245 2635 331 2707 dicis;
353 2635 404 2691 sed
417 2654 472 2711 ego
492 2646 603 2710 patrem
618 2634 758 2708 optimum
772 2635 812 2690 ita
826 2633 932 2705 amavi,
947 2645 981 2691 ut
1001 2635 1071 2691 mihi
1087 2656 1209 2711 praema-

160 2739 229 2784 turo
245 2727 327 2783 obitu
335 2739 434 2803 raptus
441 2727 588 2796 videatur3
602 2747 655 2782 nec
669 2727 793 2783 absurde
804 2727 861 2783 hoc
875 2726 962 2799 facio,
976 2739 1026 2786 aut
1038 2729 1100 2808 sine
1112 2749 1210 2790 exem-

159 2822 212 2896 plo
227 2841 234 2876 :
250 2819 359 2895 qnippe
372 2830 401 2876 et
413 2820 537 2894 Erigone
552 2838 613 2876 non
630 2820 725 2876 minus
737 2817 825 2877 debat
837 2834 1088 2896 senemparentem
1103 2823 1210 2880 exstin-

161 2924 257 2983 ctum,
279 2931 365 2986 quam
387 2911 588 2968 Andromache
605 2931 730 2986 puerum
749 2912 850 2985 filium
877 2933 887 2967 .-
909 2913 996 2970 ἰιιιιιιο
1019 2925 1047 2970 et
1072 2916 1210 2992 Erigones

159 3007 253 3082 pietas
275 3005 305 3060 in
327 3005 383 3060 hoc
403 3004 545 3075 laudatur,
559 3003 641 3079 quod
655 3023 714 3078 pras
730 3003 839 3061 doloris
861 3005 1035 3079 impatientia
1053 3009 1160 3083 laqueo
1180 3027 1211 3065 se

161 3097 319 3168 interfecit,
333 3117 423 3172 quum
435 3109 535 3154 contra
546 3097 747 3154 Andromache
760 3099 833 3154 male
847 3097 959 3169 audiat,
975 3099 1057 3173 quod
1069 3110 1137 3173 post
1147 3101 1208 3161 He-

162 3187 273 3249 ctorem
293 3193 378 3248 alium
403 3191 536 3247 maritum
559 3191 634 3248 ferre
651 3190 797 3266 potuerit,
816 3209 869 3248 nee
890 3194 983 3248 solum
1002 3191 1088 3262 ferre,
1107 3193 1159 3249 sed
1182 3207 1209 3251 et

160 3285 335 3343 inservire.»
349 3284 422 3340 Inde
436 3301 491 3360 pro
504 3285 642 3340 Fatorum
654 3282 769 3358 reponit
783 3288 944 3352 Annorum,
964 3284 1119 3358 plaudente
1137 3287 1207 3342 Wa-

160 3377 219 3432 kef.
240 3377 277 3433 ad
290 3372 419 3448 Lucreti,
439 3394 490 3448 ιιι,
505 3375 572 3434 68ι.
648 3375 671 3382 ’“

173 3543 175 3550 y
204 3471 247 3524 Et
272 3471 375 3525 Pallas
406 3466 444 3547 (r.
469 3465 528 3547 91).
549 3465 617 3525 Non
639 3468 699 3525 sine
726 3468 787 3524 veti
812 3469 907 3542 specie
933 3459 1055 3524 Paetus
1081 3467 1210 3542 reposuit

160 3561 280 3634 Marii,
295 3581 323 3637 q.
336 3580 361 3617 v.
899 3585 906 3592 ·

205 3657 369 3712 Arcadia...
385 3655 559 3714 testudine...
579 3657 639 3728 lyre
653 3651 693 3733 (v.
708 3652 768 3732 93).
783 3655 935 3712 Verissime
950 3641 1049 3710 docuit
1065 3655 1192 3708 Gronov.
1200 3694 1210 3723 ,

161 3769 192 3828 p.
208 3745 265 3817 345
280 3768 337 3824 sq.,
352 3748 520 3804 testudinem
534 3747 581 3804 hic
595 3741 764 3821 capiendam
781 3767 840 3805 esse
854 3767 908 3823 pro
922 3757 1004 3822 parte
1017 3749 1098 3822 lyrae,
1118 3761 1208 3821 quum

162 3841 224 3898 aliis
240 3840 393 3918 exemplis,
407 3850 468 3895 tum
483 3835 612 3896 Tibulli:

269 4031 334 4082 Artis
344 4047 405 4098 opus
416 4047 491 4090 rara,
504 4029 596 4095 fulgens
608 4027 728 4081 testudine
742 4041 766 4081 et
779 4047 851 4093 auro,

305 4115 426 4165 Pendebat
437 4115 494 4164 lara
508 4115 601 4179 garrula
613 4123 681 4182 parte
691 4115 750 4181 lyra.
