3192 5148
137 523 169 572 tv·
181 520 209 572 1·)
473 511 666 569 SILVARUM
687 511 798 569 LIBER
821 512 859 567 ΙΙ.

567 981 572 986 ·
616 939 724 1063 vn.

358 1262 753 1334 GENETnLrACON
778 1264 977 1333 LUCANI.

238 1954 378 2036 Lucum
397 1955 572 2048 proprium
592 1951 681 2022 diem
703 1951 908 2045 frequentet,
991 1946 995 1958 ’

239 2074 400 2168 Quisquis
418 2072 559 2145 collibus
579 2073 727 2143 lsthmiae
746 2074 872 2143 Diones
935 2113 939 2122 v

242 2197 352 2264 Docto
370 2208 506 2290 pectora
522 2195 709 2268 concitatus
731 2207 831 2262 oestro

239 2313 421 2385 Pendentis
440 2315 527 2383 bibit
544 2311 680 2409 ungulae
694 2312 870 2406 liquorem.

240 2435 323 2529 Ipsi,
344 2459 429 2530 quos
447 2459 550 2529 penes
571 2447 621 2502 est
632 2435 750 2532 'honor
766 2432 924 2522 canendi,

239 2553 374 2624 Vocalis
390 2554 527 2624 citharae
540 2539 700 2648 'repertor
715 2556 836 2641 Arcas,

239 2679 282 2744 Et
304 2688 341 2743 tu
360 2673 571 2744 Bassaridum
588 2688 718 2742 rotator
732 2678 842 2762 Evan,

240 2799 284 2865 Et
302 2798 417 2882 Paean,
433 2809 466 2865 et
482 2796 635 2889 Hyantiae
652 2819 801 2882 sorores,

190 2959 193 2964 -
241 2917 338 2984 Laetae
355 2940 541 3011 purpureas
559 2929 682 2984 novate
698 2923 797 2983 vittas
815 2939 823 2981 :

242 3037 382 3105 Crinem
401 3037 544 3123 comite,
563 3033 808 3128 candidamque
822 3047 957 3109 vestem.

241 3156 450 3225 Perfundant
468 3155 575 3224 ederae
592 3155 805 3225 recentiores.

243 3278 344 3346 Docti
366 3275 492 3370 largius
512 3287 696 3369 evagentur
716 3299 850 3360 amnes,
873 3323 877 3329 ·

164 3382 167 3392 ¹
243 3401 286 3468 Et
306 3394 381 3492 plus
400 3395 517 3468 Aoniee
536 3395 641 3462 virete
660 3392 774 3463 silvae:

175 3519 178 3526 ’
241 3521 284 3588 Et
304 3518 332 3585 si
349 3539 416 3610 qua
433 3528 544 3610 patet,
560 3527 619 3583 aut
634 3513 722 3582 diem
739 3516 885 3609 recepit,

242 3638 345 3707 Sertis
365 3633 522 3736 mollibus
543 3632 717 3728 expleatur
733 3635 865 3705 umbra.

243 3759 390 3826 Centum
404 3754 596 3848 Thespiacis
611 3752 718 3844 odoro
732 3753 816 3824 tucis

244 3880 340 3946 Stent.
360 3874 498 3960 altaria,
519 3875 729 3968 victimaeque
749 3888 901 3962 centum,

242 3999 337 4087 Quas
356 3997 457 4066 Dirce
477 3992 582 4082 lavat,
601 4007 660 4064 aut
679 3992 739 4062 alit
759 3993 940 4063 Citheron.

246 4117 422 4184 Lucanum
444 4116 621 4184 cauimus:
644 4113 751 4183 favete
771 4111 895 4208 linguis
915 4141 923 4182 :
