3156 5138
787 577 824 637 r:
838 583 960 642 ruem
981 567 1106 642 snarn

431 701 618 725 uwfflwwrwt
623 701 1462 736 mmmmm

927 971 979 1056 V.

495 1269 686 1338 CARMEN
712 1269 926 1338 LYRICUM
950 1271 1013 1340 An
1037 1271 1153 1341 SEPT.
1181 1273 1403 1342 SEVERUM.

882 1571 1016 1593 ι*

526 1811 635 1879 Panvr
655 1810 773 1882 beatus
792 1815 880 1882 ruris
901 1805 1104 1900 honoribus,
1217 1840 1223 1850 ’

524 1932 604 2020 Qua
624 1931 731 2025 prisca
745 1935 892 2006 Teucros
911 1930 1001 2004 Alba
1022 1931 1105 2002 colit
1124 1930 1228 2020 lares,
1294 1937 1301 1944 '

550 2055 686 2122 Fortem
705 2067 808 2147 atque
826 2052 1011 2122 facundum
1030 2054 1191 2122 Severum

570 2175 649 2244 Non
670 2170 777 2242 solitis
795 2172 919 2242 fidibus
938 2171 1058 2241 saluto.

521 2321 594 2387 Jam
614 2334 690 2388 trux
710 2317 753 2387 ad
774 2322 895 2389 Arctos
914 2318 1106 2388 Parrhasias
1126 2315 1233 2386 hiems

523 2425 696 2508 Concessit
714 2435 790 2506 altis
809 2439 931 2508 obruta
951 2436 1096 2526 solibus3

465 2583 468 2590 ’
544 2560 619 2626 Jam
638 2571 782 2652 pontus,
801 2581 840 2627 ac
860 2557 959 2628 tellus
979 2556 1155 2646 renident,

569 2680 643 2747 Jarn
663 2677 824 2771 Zephyris
842 2677 966 2771 Aquilo
985 2677 1157 2747 refractus.

521 2823 622 2892 Nunc
642 2835 762 2891 cuncta
781 2845 924 2891 vernans
943 2820 1118 2892 frondibus
1138 2821 1260 2890 annuis

470 3005 472 3010 .
522 2942 675 3013 Crinitur
693 2943 814 3029 arb0s;
829 2966 922 3011 nunc
941 2939 1118 3012 volucrum
1140 2941 1219 3010 novi

543 3064 711 3153 Questus,
730 3064 1007 3157 inexpertumque
1028 3084 1182 3148 carmen,

567 3181 672 3271 Quod
690 3184 790 3253 tacita
809 3196 956 3252 statuere
976 3182 1106 3251 bruma.

520 3331 593 3400 Nos
612 3351 712 3422 parca
733 3325 850 3415 tellus,
872 3325 1013 3422 pervigil
1034 3341 1066 3396 et
1085 3325 1200 3408 focus,

519 3446 730 3540 Culmenque
750 3445 860 3516 multo
880 3445 1007 3517 lumine
1027 3446 1199 3517 sordidum

545 3567 725 3657 Solantur,
747 3563 990 3662 exemptusque.
1008 3582 1094 3638 testa

569 3691 647 3778 Qua
668 3687 770 3758 modo
790 3689 958 3758 ferbuerat
978 3690 1108 3786 Lyaeus.

521 3837 600 3904 Non
620 3831 710 3901 mille
731 3829 846 3902 balant
866 3831 1007 3928 lanigeri
1029 3857 1164 3928 greges,

401 3976 404 3982 ·
478 3963 480 3967 ’
520 3955 592 4024 Nec
611 3976 714 4022 vacca
732 3950 824 4021 dulci
844 3953 954 4047 mugit
972 3949 1151 4022 adultero:

543 4076 681 4167 Unique
702 4074 731 4142 si
751 4069 888 4166 quando
905 4074 1040 4142 canenti

572 4195 690 4264 Mutus
708 4217 789 4289 ager
810 4191 948 4262 domino
968 4191 1137 4262 reclamat.
