3200 5142
410 554 467 614 aad
728 550 942 608 THEBAIDOS
964 548 1075 605 LIBER
1097 545 1149 602 111.
1345 541 1460 606 (taos.)

408 687 484 752 Heu
501 680 675 750 dominum
691 679 798 748 insani
817 703 885 747 non
899 698 1066 773 agnovere
1086 671 1240 762 Molossi,

409 804 570 875 Deflerim
587 803 712 897 magis,
734 813 793 870 aut
813 820 911 869 verso
932 797 1024 893 qnod
1041 797 1205 892 sanguine
1224 793 1323 864 fluxit

408 928 450 994 In
466 925 593 994 subitos
610 923 725 1017 regina
741 919 833 990 lacus
850 945 858 988 τ
877 921 923 990 sic
941 919 1014 990 dira
1033 941 1189 988 sororum

408 1049 516 1116 Pensa
534 1043 675 1130 dabant,
693 1044 870 1137 visumque
889 1043 964 1113 Jovi
982 1067 992 1110 ε
1010 1063 1101 1110 nunc
1121 1039 1210 1133 regis
1232 1035 1338 1131 iniqui

408 1165 463 1238 Ob
479 1189 602 1241 noxam
622 1165 809 1234 immeritos
827 1163 945 1263 patriae
961 1175 1011 1231 tot
1029 1158 1177 1232 culmina
1196 1161 1285 1229 cives

408 1288 590 1370 Exuimus3
612 1311 674 1357 neo
688 1282 799 1360 adhuc
817 1285 936 1356 calcati
956 1286 1091 1356 foederis
1109 1290 1218 1381 Argos

409 1409 511 1475 Fama
532 1407 643 1497 subit,
661 1411 776 1503 etjam
792 1405 959 1477 bellorum
974 1421 1124 1482 extrema
1137 1404 1300 1475 dolemus.

409 1529 569 1618 Quantus
586 1531 697 1623 equis,
714 1541 927 1623 quantusque
945 1529 1025 1597 viris
1042 1527 1077 1597 in
1099 1524 1236 1622 pulvere
1255 1545 1367 1595 crasso

411 1647 543 1720 Sudor!
563 1652 597 1718 io
616 1650 734 1742 quanti
754 1647 889 1719 crudele
907 1648 1071 1719 rubebitis
1087 1643 1218 1718 amnes!

411 1770 545 1840 Viderit
562 1770 634 1839 haec
649 1765 738 1837 bello
757 1768 874 1838 viridis
893 1793 1013 1840 manus
1031 1795 1039 1838 ε
1057 1783 1108 1840 ast
1127 1793 1189 1862 ego
1209 1765 1316 1837 doner

414 1895 505 1962 Dum
523 1888 600 1960 licet
617 1891 694 1986 igne
714 1913 807 1977 meo,
826 1901 983 1984 terraque
1000 1892 1167 1959 insternar
1185 1884 1324 1958 avital»

464 2014 544 2080 Haec
562 2011 695 2080 senior:
714 2007 927 2103 multumque
942 2010 1035 2080 nefas
1056 2007 1202 2080 Eteoclis
1220 2008 1371 2094 acerbat,

417 2129 597 2202 Crudelem
617 2129 862 2227 infandumque
883 2156 1025 2219 vocans,
1046 2153 1229 2226 poenasque
1250 2130 1418 2200 daturum.

415 2251 515 2322 Unde
535 2277 574 2322 ea
591 2249 750 2321 libertas?
765 2252 862 2346 juxta
880 2249 929 2320 illi
950 2251 1026 2320 finis
1042 2265 1077 2320 et
1091 2265 1171 2320 aetas

415 2377 501 2444 Tota
519 2385 631 2460 retro,
650 2397 798 2467 seraeque
814 2372 894 2442 velit
911 2372 1015 2442 decus
1032 2371 1155 2442 addere
1174 2373 1286 2440 morti.

466 2499 546 2564 Haeo
563 2507 656 2562 sator
672 2509 841 2563 astrorum
859 2492 1060 2588 jamdudum
1078 2519 1097 2563 e
1116 2493 1242 2563 vertice
1258 2490 1378 2561 mundi

419 2618 658 2709 Prospectans,
679 2615 856 2710 primoque
871 2615 1017 2686 imbutas
1036 2615 1200 2710 sauguine
1216 2627 1350 2710 gentes,

422 2734 609 2805 Gradivum
630 2735 732 2804 acciri
751 2759 895 2830 propere
909 2737 1016 2830 jubet.
1037 2735 1098 2805 Ille
1118 2736 1268 2806 furentes

419 2855 593 2944 Bistonas,
614 2871 647 2924 et
665 2857 800 2927 Geticas
818 2856 1000 2952 populatus
1014 2857 1161 2927 cedibus
1177 2858 1300 2948 urbes,

419 2976 590 3046 Turbidus
609 2977 768 3047 aethereas
786 3001 906 3047 currus
922 2978 1066 3074 urgebat
1081 2978 1123 3048 ad
1144 3002 1256 3068 arces3

422 3095 576 3167 Fulmine
595 3099 767 3167 cristatum
786 3096 887 3193 galeae
902 3099 1014 3194 jubar,
1031 3123 1191 3195 armaque
1211 3103 1246 3169 in
1264 3125 1349 3171 auro

421 3218 563 3305 Tristia,
587 3217 741 3288 terrificis
762 3233 992 3290 monstrorum
1012 3221 1160 3291 animata
1177 3219 1317 3317 figuris,

422 3339 594 3408 incutiens
613 3363 620 3406 ε
638 3352 735 3409 tonat
752 3363 813 3408 axe
833 3338 952 3434 polus,
974 3341 1150 3437 clypeique
1171 3355 1311 3410 eruenta

422 3462 498 3528 Lux
513 3458 633 3543 rubet,
653 3473 687 3528 et
706 3456 811 3530 solem
830 3459 929 3557 longe
948 3461 1025 3532 ferit
1042 3461 1182 3532 aemulus
1201 3461 1303 3532 orbis.

471 3583 573 3650 Hunc
593 3579 650 3647 ubi
672 3583 873 3652 Sarmaticos
892 3584 1079 3652 etiamnum
1101 3583 1215 3654 efflare
1231 3583 1362 3654 labores

423 3701 591 3796 Iuppiter,
608 3716 641 3770 et
659 3715 729 3770 tota
745 3702 917 3798 perfusum
934 3721 1071 3800 pectora
1090 3705 1169 3776 belli

424 3824 643 3919 Tempestate
657 3822 748 3893 videt
767 3851 774 3893 :
804 3823 920 3895 «Talis
940 3829 1041 3916 mihi,
1059 3843 1157 3919 nate,
1176 3853 1236 3925 per
1258 3833 1386 3924 Argos,

425 3941 515 4013 Talis
536 3945 615 4014 abi:
635 3946 682 4014 sic
700 3969 780 4015 ense
799 3947 952 4039 madens,
974 3973 1014 4019 ac
1031 3951 1168 4022 nubilus
1187 3954 1247 4022 ira.

388 4085 391 4092 ’
427 4065 617 4135 Exturbent
633 4067 757 4137 resides
776 4067 907 4160 frenos;
927 4087 961 4141 et
977 4087 1102 4144 cuncta
1117 4076 1229 4170 perosi

427 4187 475 4255 Te
496 4189 656 4284 cupiant,
677 4190 738 4259 tibi
757 4193 946 4288 praecipites
965 4197 1179 4290 animasque,
1196 4221 1384 4292 manusque
