3200 5142
394 456 452 514 230
700 459 918 518 rflttnfluos
941 460 1053 519 mnu
1073 460 1123 515 111.
1331 451 1454 510 tama

394 582 498 677 Signa
514 581 612 670 dare,
629 597 688 654 aut
709 600 814 679 ponto
832 588 972 656 miseros
993 582 1164 654 involvere
1180 595 1308 652 nautae

441 707 583 799 Jamque
600 723 771 775 remensus
789 708 851 776 iter
869 706 955 776 fesso
972 705 1121 776 Danaeia
1137 703 1268 798 Tydeus

392 828 485 896 Arva
500 824 622 920 gradu,
639 824 822 920 viridisque
842 825 923 922 legit
942 825 1068 896 devexa
1084 828 1297 919 Prosymnae,

395 943 570 1014 Terribilis
587 947 686 1016 visu:
705 961 796 1016 stant
813 945 890 1016 tutti
906 946 1046 1042 pulvere
1062 947 1193 1016 crines:

394 1065 576 1161 Squalidus
596 1089 637 1136 ex
650 1067 802 1140 humeris
819 1067 909 1138 cadit
929 1066 996 1138 elta
1014 1070 1049 1138 in
1068 1066 1209 1138 vulnera
1227 1065 1347 1138 sudor:

394 1189 639 1282 Insomnesque
650 1187 766 1260 oculos
785 1190 893 1260 rubor
908 1192 1048 1279 excitat,
1066 1213 1193 1284 oraque
1212 1203 1303 1258 retro

396 1309 519 1378 Sorbet
535 1309 657 1381 anhela
676 1312 774 1381 sitis:
792 1335 887 1380 mens
905 1309 1011 1382 altum
1031 1312 1137 1405 spiret
1158 1311 1323 1380 honorem

396 1431 540 1500 Conscia
555 1430 722 1501 factorum
741 1457 749 1501 :
767 1433 815 1500 sic
836 1445 916 1502 nota
933 1433 969 1500 in
988 1453 1114 1526 pascus
1129 1445 1245 1502 taurus

396 1548 546 1621 Bellator
564 1551 673 1638 redit,
694 1552 834 1622 adverso
852 1554 907 1621 cui
929 1550 1038 1639 colla,
1057 1575 1188 1646 suoque

398 1671 587 1766 Sanguine,
604 1672 844 1766 proscissisque
864 1686 982 1742 natant
1000 1671 1192 1768 palearibus
1209 1672 1304 1740 armi.

397 1792 494 1860 Tunc
514 1813 649 1886 quoque
665 1792 751 1863 lassa
766 1806 875 1863 tumet
892 1795 1015 1882 virtus,
1033 1790 1246 1885 multumque
1266 1789 1421 1886 superbit

397 1914 539 1984 Pectore
559 1912 717 2009 despecto
735 1940 743 1983 :
760 1940 867 1986 vacua
884 1916 975 2009 jacet
994 1914 1100 1984 hostis
1118 1938 1221 1983 arena

398 2035 514 2127 Turpe
533 2058 685 2129 gemens,
705 2035 896 2132 crudosque
918 2050 1007 2105 vetat
1028 2039 1152 2106 sentire
1168 2033 1312 2106 dolores.

449 2151 539 2225 Talis
558 2171 656 2226 erat:
676 2156 804 2226 medias
817 2159 920 2230 etiam
937 2181 1007 2227 non
1025 2155 1154 2226 destitit
1173 2156 1289 2242 urbes,

400 2274 579 2370 Quidquid
596 2293 631 2347 et
652 2282 788 2372 Asopon
808 2293 1006 2372 veteresque
1024 2278 1199 2371 interjacet
1217 2279 1346 2372 Argos,

400 2395 612 2467 Inflammare
628 2398 736 2485 odiis;
754 2398 969 2493 multumque
987 2412 1020 2469 et
1039 2398 1164 2496 ubique
1180 2413 1333 2468 retexens

401 2518 566 2612 Legatum
581 2543 652 2588 sese
669 2521 774 2588 Graia
793 2519 834 2588 de
854 2536 956 2615 gente
971 2519 1124 2616 petendis

400 2640 470 2709 Isse
492 2664 595 2734 super
611 2641 723 2735 regnis
740 2641 876 2737 profugi
894 2641 1082 2736 Polynicis,
1101 2655 1137 2710 at
1155 2641 1233 2710 inde

400 2759 498 2849 Vim,
515 2774 665 2849 noctem,
688 2760 815 2848 scelus,
834 2785 947 2850 arma,
967 2760 1079 2847 dolos,
1098 2787 1135 2831 ea
1154 2761 1281 2831 foedera
1297 2785 1431 2862 passum

400 2881 504 2976 Regis
522 2881 698 2972 Echionii;
716 2882 813 2954 fratri
832 2907 894 2953 sua
908 2885 987 2977 jura
1005 2885 1131 2979 negari.

402 3005 515 3072 Prona
532 3003 614 3073 fides
636 3003 781 3100 populis.
803 3009 895 3076 Deus
915 3006 1030 3076 omnia
1051 3005 1187 3104 credere
1204 3005 1324 3076 suadet

401 3127 634 3221 Armipotens,
652 3128 867 3222 geminatque
886 3143 1042 3223 acceptos
1061 3126 1151 3197 fama
1169 3151 1320 3222 pavores.

364 3271 370 3283 ·
452 3251 568 3342 thue
585 3249 812 3342 introgressus
828 3262 944 3342 portas
964 3247 1017 3344 (et
1036 3247 1124 3318 forte
1144 3247 1307 3318 verendos

403 3368 558 3439 Concilio
574 3381 670 3464 pater
685 3370 757 3464 ipse
776 3370 879 3440 duces
897 3368 1041 3464 cogebat
1061 3367 1239 3463 Adrastus)

398 3491 611 3584 'Improvisus
628 3490 740 3576 adest,
759 3492 829 3584 jam
851 3489 942 3559 illinc
959 3514 980 3558 a
995 3491 1148 3585 postibus
1168 3488 1252 3560 aulae

403 3608 600 3680 Vociferans
617 3637 626 3678 ι
645 3617 789 3698 «Arma,
808 3635 902 3680 arma
920 3613 1002 3696 viri,
1023 3625 1129 3707 tuque
1147 3611 1275 3705 optime
1291 3614 1413 3681 Lernae

403 3733 546 3816 Ductor,
565 3732 820 3824 magnanimum
839 3731 867 3800 si
887 3733 963 3825 quis
985 3731 1046 3801 tibi
1064 3733 1200 3828 sanguis
1218 3756 1379 3814 avorum,

403 3853 507 3922 Arma
521 3847 654 3946 paral...
673 3853 850 3947 Nusquam
867 3854 991 3947 pietas,
1009 3879 1080 3924 nou
1099 3855 1257 3950 gentibus
1275 3879 1412 3948 acquum

403 3973 482 4062 Fas,
503 3984 564 4040 aut
580 3995 662 4041 cura
678 3972 794 4042 lovis:
811 3973 931 4045 melius
945 3973 1075 4071 legatus
1093 3975 1238 4046 adissem

404 4093 619 4164 Sauromatas
635 4093 772 4182 avidos,
791 4111 1065 4192 servatoremque
1081 4111 1260 4167 cruentum
