3206 5136
414 490 451 528 aa
728 474 945 532 Tflsmmos
966 475 1081 532 LIBER
1102 476 1152 532 lv.
1352 475 1471 540 (tt-bath

411 597 457 666 Et
469 597 592 693 Stygiis
611 597 780 668 mandabo
796 601 889 670 Deis,
905 630 922 666 a
940 600 1113 672 Mulcetur
1130 603 1270 672 honoris

411 719 633 806 Muneribus,
652 721 821 815 tingitque
839 745 960 816 genas;
978 721 1102 792 dehinc
1117 721 1198 792 talia
1214 721 1351 792 reddit:

459 867 477 904 a
491 841 563 908 Cur
580 839 643 908 tibi
660 843 808 911 versanti
829 867 964 932 manes,
982 867 1127 937 aequaeve
1146 843 1322 933 sacerdos,

410 962 534 1032 Lectus
553 986 616 1057 ego
632 963 800 1058 augurio?
816 965 988 1059 tantisque
1005 967 1200 1061 potissimus
1218 966 1346 1037 umbris

411 1083 482 1173 Qui
500 1097 643 1154 venture
661 1082 800 1180 loquar?
816 1089 897 1157 setis
916 1103 966 1157 est
984 1089 1175 1158 meminisse
1189 1089 1354 1182 priorum.

410 1203 581 1274 Nostrone
601 1204 753 1300 praeclari
768 1205 936 1303 (pudeat)
954 1207 1110 1280 consulta
1125 1223 1264 1304 nepotes

411 1324 572 1394 Poscitis?
588 1324 684 1396 illum
702 1325 799 1397 illum
816 1330 920 1399 sacris
935 1329 1093 1400 adhibete
1110 1329 1264 1417 nefastis,

413 1445 484 1534 Qui
502 1445 578 1516 laeto
595 1447 681 1518 rodit
698 1474 777 1520 ense
795 1466 944 1546 patrem,
963 1453 1020 1546 qui
1038 1467 1144 1522 semet
1162 1453 1197 1520 in
1214 1466 1309 1520 ortus

413 1567 545 1655 Vertit,
563 1583 596 1637 et
614 1569 764 1665 indigna
778 1574 905 1668 regerit
924 1598 986 1644 sua
1003 1575 1145 1669 pignora
1165 1574 1275 1642 matri.

413 1692 457 1759 Et
470 1713 562 1760 nunc
578 1687 635 1759 ille
650 1694 757 1780 Deos,
769 1695 1012 1789 Furiarumque
1022 1709 1097 1763 atra
1111 1693 1231 1788 fatigat

414 1808 585 1901 Concilia,
605 1828 640 1882 et
661 1828 795 1885 nostros
814 1831 914 1912 rogat
931 1817 1003 1909 haec
1021 1817 1057 1884 in
1073 1813 1191 1910 praelia
1211 1838 1336 1882 manes.

414 1931 517 2020 Quod
536 1931 562 2005 si
582 1932 666 2005 adeo
683 1933 794 2029 placui
812 1936 967 2007 deflenda
985 1937 1021 2005 in
1042 1951 1198 2030 tempora
1216 1948 1323 2018 vates,

413 2057 533 2126 Dicam
550 2056 722 2150 equidem,
742 2081 812 2150 quo
832 2082 886 2127 me
902 2059 1077 2144 Lachesis,
1096 2079 1165 2148 quo
1184 2069 1283 2122 torva
1304 2055 1450 2147 Megaera

415 2181 531 2272 Usque
550 2179 693 2249 sinunt:
715 2175 845 2247 bellum
864 2179 1042 2245 innumero
1062 2177 1156 2246 venit
1178 2174 1329 2267 undique
1352 2172 1472 2242 bellum

416 2300 574 2394 Agmine,
596 2302 824 2396 Lernaeosque
842 2303 947 2371 trahit
963 2300 1073 2371 fatalis
1089 2297 1244 2370 alumnus

416 2420 587 2492 Gradivus
605 2419 751 2493 stimulis
768 2450 776 2492 ε
795 2424 858 2493 hos
875 2438 974 2492 terrra
988 2437 1161 2509 monstra,
1178 2419 1360 2516 Deumque

393 2540 500 2642 qTela
517 2557 671 2630 manent,
693 2544 895 2640 pulchrique
913 2543 1042 2630 obitus,
1064 2559 1098 2612 et
1113 2543 1156 2611 ab
1178 2545 1255 2644 igne
1272 2567 1431 2638 supremo

411 2651 539 2732 'Sontes
560 2663 636 2761 lege
650 2690 753 2734 morae
768 2691 776 2733 ε
793 2681 885 2735 certa
903 2682 955 2735 est
969 2666 1112 2734 victorie
1128 2665 1269 2753 Thebis,

410 2785 472 2853 ‘Ne
492 2787 639 2881 trepida,
659 2811 721 2856 nec
739 2811 845 2881 regna
861 2786 957 2856 ferox
978 2809 1159 2880 germanus
1173 2785 1321 2854 habebit.

422 2909 490 2978 Sed
509 2909 621 2997 suriae,
642 2909 887 3003 geminumque
903 2907 1017 2993 nefas,
1036 2910 1245 3001 miserosque
1266 2931 1327 3000 per
1346 2929 1439 2974 enses

419 3031 504 3126 (Hei
524 3030 630 3124 mihi)
650 3028 797 3100 crudelis
817 3035 930 3099 vincet
948 3044 1055 3124 pater.
1073 3059 1091 3094 o
1105 3033 1185 3098 Haec
1201 3029 1261 3098 ubi
1277 3027 1384 3116 fatus,

421 3151 579 3242 Labitur,
602 3165 636 3222 et
655 3151 741 3220 flexa
761 3150 882 3220 dubios
902 3151 1046 3246 ambage
1064 3148 1212 3243 reliquit.
1335 3131 1337 3136 ¹

469 3277 603 3344 Interea
622 3272 768 3369 gelidam
785 3272 953 3359 Nemeen,
974 3285 1007 3341 et
1025 3272 1159 3341 conscia
1176 3268 1286 3340 laudis

422 3393 597 3465 Herculea
617 3392 770 3483 dumeta,
789 3417 875 3489 vaga
889 3391 1024 3489 legione
1044 3393 1206 3462 tenebant

422 3514 592 3586 Inachidae
614 3541 621 3584 :
640 3516 712 3609 jam
730 3515 888 3584 Sidonias
904 3528 1058 3584 avertere
1078 3513 1227 3610 praedas,

424 3639 599 3723 Sternere,
617 3633 707 3706 ferre
725 3635 844 3706 domos
863 3635 1001 3724 ardent,
1022 3639 1227 3730 instantque.
1246 3637 1334 3724 Quis
1351 3637 1416 3704 iras

404 3755 590 3847 ‚Flcxerit,
608 3756 699 3826 unde
714 3782 832 3843 morse,
855 3757 986 3826 medius
1006 3759 1082 3851 quis
1101 3756 1261 3825 euntibus
1279 3781 1388 3832 error,

425 3880 566 3968 Phoebe,
585 3879 669 3948 doce
691 3905 698 3947 ε
722 3904 783 3948 nos
803 3905 880 3950 rara
900 3897 1041 3949 manent
1060 3878 1198 3948 exordia
1215 3878 1322 3948 famae.

476 3999 649 4072 Marcidus
665 4001 814 4071 edomito
833 4000 961 4070 bellum
981 4000 1146 4071 referebat
1163 4003 1205 4069 ab
1222 4004 1340 4070 Haerno

431 4124 550 4211 Liber;
572 4122 617 4190 ibi
636 4122 811 4192 armiferos
826 4127 969 4216 geminae
982 4131 1051 4218 jam
1070 4123 1179 4191 sidere
1193 4123 1322 4192 brume
