3138 5126
398 493 453 549 338
777 491 1075 549 ADNOTATIONES

394 610 459 668 cod.
475 605 548 686 Pan]
561 607 668 665 scilicet
683 627 791 684 corpus
800 609 862 682 ejus
876 608 1028 684 quesitum
1043 621 1092 664 est.
1113 611 1180 665 Viro
1194 612 1296 666 toedas.
1311 613 1380 668 Non
1394 633 1448 688 pu-

395 713 437 759 tnt
455 703 500 758 his
513 701 605 778 [qnod
618 721 682 758 voc.
698 701 765 758 fort.
783 701 896 759 deiend.
917 719 952 758 ex
967 702 1033 758 eod.
1050 701 1125 780 cod]
1146 723 1176 760 se
1191 704 1270 760 tedis
1291 705 1329 761 ad
1344 725 1446 783 rogum

392 795 448 852 viri
462 815 521 852 esse
534 806 696 851 venturum.
709 821 721 845 υ
736 796 782 852 Sic
800 795 889 872 igitur
903 795 1048 852 edendum
1064 815 1070 849 :
1087 821 1101 847 α
1113 797 1160 854 Sic
1176 797 1218 854 ire
1235 799 1379 872 parabat?
1393 801 1449 856 Has
1547 859 1552 878 ,

393 891 412 946 i.
432 908 460 944 v.
481 900 501 945 t.
516 887 600 945 erat?
617 912 632 939 a

437 995 615 1070 Primumque
634 1013 782 1070 capessere
797 1013 929 1069 pugnam
949 991 987 1070 (v.
1009 993 1084 1072 158).
1104 997 1211 1053 Omnes
1234 999 1330 1054 Barth.
1352 1009 1380 1056 et
1403 997 1448 1055 aiii

392 1087 475 1143 multi
489 1086 592 1144 codd:
607 1111 622 1138 e
629 1089 881 1164 propriamque‚=
894 1106 969 1143 vere.
979 1118 1016 1130 ·-
1030 1089 1096 1163 Seq.
1112 1109 1139 1146 v.
1154 1091 1209 1146 ΜΒ
1223 1109 1230 1145 :
1246 1115 1261 1141 α
1272 1111 1449 1167 magnosque

384 1193 536 1257 ‚regentium
551 1179 619 1253 Obj.
635 1180 753 1237 animas.
764 1203 779 1232 a

433 1291 547 1361 Aspera
571 1288 687 1361 quando
703 1283 743 1364 (v.
762 1285 838 1364 161).
854 1289 931 1342 MB:
952 1301 1009 1343 ecit
1018 1287 1106 1358 jem,
1123 1307 1193 1362 (μ’)
1213 1289 1295 1362 quod
1314 1309 1376 1346 non
1394 1291 1444 1348 de·
1561 1371 1562 1382 γ

391 1377 479 1434 bebat
490 1377 617 1452 probare
634 1379 729 1434 Barth.

435 1483 493 1556 Qui
505 1496 646 1556 tepocem
670 1495 700 1538 et
716 1483 772 1558 pia
785 1481 855 1554 jum
873 1495 1016 1559 regentem
1039 1483 1077 1560 (v.
1102 1483 1179 1563 165).
1200 1487 1447 1544 Permemornbilis

391 1588 419 1632 et
436 1577 504 1633 fort.
518 1595 587 1632 vera
601 1587 642 1632 est
657 1576 742 1632 lectio
758 1575 788 1630 in
801 1578 857 1632 ΜΒ
872 1596 879 1631 :
897 1600 912 1628 α
923 1577 974 1652 qui
987 1591 1087 1650 pacem
1103 1588 1132 1633 et
1143 1580 1254 1652 puelia
1265 1580 1335 1649 jure
1349 1600 1446 1658 πμ),

296 1721 299 1727 .
392 1671 410 1726 i.
426 1689 450 1726 e.
468 1670 554 1726 belle.
574 1669 689 1726 Deinde
709 1680 777 1744 post
791 1689 936 1745 regnoque
955 1680 998 1726 est
1015 1671 1203 1744 aposiopesis.

343 1801 346 1808 ¹
434 1779 585 1852 Supplicia
601 1775 639 1852 (v.
659 1774 735 1854 168).
756 1779 875 1834 Nullum
894 1778 964 1832 novi
976 1778 1064 1851 hujus
1080 1777 1226 1851 prosodiae
1240 1781 1405 1853 exemplum
1419 1781 1445 1834 in
1562 1797 1563 1800 ’

390 1871 500 1939 Statio,
521 1890 617 1945 neque
637 1880 732 1926 tamen
751 1869 819 1926 ideo
842 1869 869 1928 ei
890 1872 975 1946 plane
1000 1870 1236 1944 abjudicandum.
1258 1873 1314 1928 ΜΒ
1336 1883 1427 1930 tamer

390 1975 419 2020 et
439 1965 475 2022 al.
496 1965 593 2020 Barth.
613 1982 679 2019 cum
692 1963 764 2038 Reg.
784 1981 796 2018 1
815 1982 822 2017 ε
839 1963 1023 2038 Supplicium.

431 2072 539 2145 Regem
553 2067 699 2142 indefessa
710 2069 832 2144 ›eposcit
843 2065 881 2146 (v.
901 2069 977 2148 177).
998 2070 1103 2126 Melius
1122 2073 1174 2126 Pii¹
1187 2091 1194 2124 :
1209 2071 1370 2141 indefleusn.

435 2163 609 2219 Conveniunt
627 2163 784 2237 ubicunque
796 2181 885 2218 nunes
898 2159 937 2240 (v.
959 2161 1035 2240 183).
1059 2165 1136 2219 Bene
1153 2163 1295 2218 Weberus
1312 2184 1319 2217 :
1335 2185 1350 2214 α
1366 2165 1443 2219 Fort.

388 2256 444 2330 leg.
459 2255 509 2309 ubi
520 2273 641 2330 quceque
655 2273 700 2320 n.,
721 2265 752 2308 ut
771 2253 889 2330 Virgil„
911 2258 992 2322 Ere,
1014 2275 1077 2326 vu,
1100 2263 1174 2323 too,
1189 2254 1239 2310 ubi
1262 2255 1348 2312 etiam
1367 2275 1442 2311 non·-

389 2347 460 2402 nulii
478 2347 563 2404 codd.
582 2347 690 2404 habent
703 2347 877 2421 ubicumque.
887 2369 902 2398 n

432 2453 582 2527 Fratiique
599 2465 680 2528 tegas
686 2492 696 2520 ‚
711 2469 840 2528 urnaque
854 2464 980 2528 repones
996 2449 1034 2530 (v.
1054 2451 1128 2530 191).
1144 2455 1210 2509 Non
1228 2452 1315 2528 pauci
1330 2453 1417 2510 codd.
1433 2475 1439 2508 :

388 2563 474 2619 neges
490 2555 519 2600 et
536 2563 671 2617 reponas,
687 2555 843 2619 utrumque
858 2561 873 2599 e
890 2563 965 2600 corr.
981 2545 1016 2600 V.
1031 2545 1166 2600 Gnonov.

429 2637 564 2692 Perinthi
580 2633 618 2713 (v.
638 2633 714 2714 199).
735 2638 807 2712 neg.
825 2655 837 2691 1
852 2655 859 2690 τ
872 2636 1026 2691 Phemclit
1044 2637 1111 2692 Beh.
1129 2653 1145 2690 a
1162 2655 1206 2710 pr.
1222 2635 1413 2690 maworn-li.
1429 2659 1442 2684 ι

431 2729 554 2804 lateque
561 2728 715 2803 benignum
725 2729 844 2784 Fulmen
854 2723 892 2804 (v.
902 2716 960 2782 uno
970 2730 1034 2804 sq.).
1045 2725 1172 2783 Omnino
1182 2727 1367 2783 scribendum
1379 2749 1439 2784 cuni

389 2820 504 2876 Jortino
525 2831 554 2876 et
572 2821 738 2877 Bunnanno
753 2821 894 2896 ulcerique
906 2819 935 2874 b.
954 2821 1022 2890 1².,»
1037 2838 1126 2894 quum
1142 2817 1228 2874 codd.
1249 2838 1324 2892 pene
1345 2839 1439 2874 omnes

388 2914 457 2968 dent
476 2914 591 2989 letique,
611 2934 687 2970 unus
706 2933 730 2970 c.
751 2916 789 2991 gi.
809 2932 927 2982 cnosi,
944 2922 972 2968 et
994 2914 1065 2988 Reg.
1088 2931 1098 2967 ι
1115 2911 1245 2968 diserte«
1260 2911 1330 2965 loeti.
1346 2913 1438 2967 »vul-
1498 2969 1502 2976 ,

388 3017 453 3082 gata
469 3025 484 3062 e
503 3007 579 3079 conj.
596 3007 738 3064 Gronovii
755 3017 819 3062 orta
833 3025 892 3062 esse
911 3005 1036 3060 videtur.

428 3098 513 3153 Serva
528 3095 566 3176 (v.
586 3097 663 3174 παῦ).
678 3101 745 3154 Νοιι
760 3099 834 3154 male
851 3100 898 3153 PR
914 3116 922 3151 ι
938 3115 1042 3152 servas.
1105 3101 1108 3107 '

429 3193 537 3246 Insano
544 3190 659 3265 seriens
673 3187 712 3267 (v.
729 3185 807 3264 230).
829 3191 910 3246 MSS.
926 3188 1104 3244 Lindcnbr.:
1119 3211 1135 3238 e
1146 3187 1304 3260 insanoque
1307 3189 1440 3260 fetens.»

429 3293 528 3368 Effert
541 3291 580 3372 (v.
596 3293 674 3372 254).
698 3298 790 3364 Petn,
811 3297 890 3350 Rott.
913 3305 940 3350 et
964 3295 1033 3369 Reg.
1055 3289 1289 3362 1:11fslat.Quae
1311 3310 1439 3366 sequnn-

387 3400 434 3444 tur
454 3406 511 3444 av.
529 3385 626 3458 257‚a
645 3387 765 3444 diversis
785 3387 843 3444 dici
861 3387 1047 3444 existimanda
1069 3395 1148 3454 sunt,
1167 3382 1289 3454 ut,bene
1308 3383 1440 3458 exposuit

388 3481 537 3536 antnntiu
554 3522 562 3536 .

429 3575 486 3628 Hos
501 3501 606 3628 belsiam
612 3572 683 3642 jube
697 3569 737 3649 (v.
748 3569 826 3650 262).
841 3572 898 3628 Sed
913 3570 999 3627 codd.
1015 3589 1130 3626 omnes:
1145 3591 1160 3620 e
1171 3569 1232 3623 Nos
1246 3570 1275 3624 b.
1284 3567 1345 3640 j.‚»
1361 3567 1440 3642 quod

387 3665 594 3722 reducendum.

379 3751 384 3804 i
430 3760 632 3831 lacrymisque
650 3758 771 3830 potuum
793 3753 833 3833 (v.
859 3753 937 3834 κο).
964 3753 1155 3812 scribendum
1175 3753 1292 3808 videtur
1314 3773 1350 3810 ex
1370 3753 1440 3822 ΜΒ,

389 3851 435 3904 PR
453 3860 480 3904 et
500 3851 590 3904 altero
606 3851 677 3922 neg.
695 3867 702 3902 :
717 3850 758 3902 «l.
770 3859 925 3921 potentem.
935 3871 950 3898 n

430 3943 508 4000 Coelo
521 3943 641 3997 dimissa
661 3945 722 3996 lues
736 3939 776 4019 (v.
793 3941 871 4018 274).
886 3941 976 3997 Recte
989 3941 1115 3995 demina
1129 3937 1255 3994 correxit
1271 3935 1440 3994 Wakeiieid.

388 4035 415 4090 in
435 4037 499 4092 Silv.
518 4035 595 4102 crin,
614 4035 671 4089 vol.
686 4053 713 4105 v,
735 4053 764 4108 p.
788 4041 838 4105 to,
860 4037 945 4090 etad
964 4035 1159 4100 Lucretsvi,
1183 4029 1266 4086 1138.
1283 4031 1351 4086 Non
1369 4029 1441 4084 male

387 4126 472 4183 etiem
490 4129 538 4183 ΡΒ
555 4146 562 4182 :
578 4129 675 4182 ecoelo
695 4125 808 4197 ‹Iejecta
822 4129 863 4183 L„
