3172 5142
387 489 423 556 78
589 492 596 517 ‘
669 475 674 480 ’
710 487 922 544 mutunus
944 486 1057 543 Lmen
1071 485 1122 542 vt.
1325 485 1447 548 (coss.)

386 619 425 682 ln
445 609 591 698 medios,
608 607 741 705 lateque
757 611 866 680 ferens
881 611 943 680 suh
962 603 1097 705 pectore
1114 609 1231 680 dextm

386 734 512 803 Orbem
527 731 630 803 alium
646 759 654 800 ε
671 717 796 802 «Hunc
813 734 943 828 potius,
961 733 1117 825 juvenes,
1135 732 1194 825 qui
1212 730 1338 828 moenia
1352 731 1448 800 saxis

386 858 570 948 Frangere,
590 853 648 946 qui
668 854 785 947 Tyrias
803 850 970 946 dejectum
988 850 1110 920 vaditis
1130 851 1241 938 ar'ces,

386 977 484 1043 Hunc
502 975 609 1068 rapite
625 988 700 1074 :last
719 969 803 1041 illud
821 973 876 1042 cui
896 997 964 1040 non
977 967 1157 1065 jaculabile
1176 969 1301 1039 dextrae

387 1093 521 1166 Pondus
529 1079 572 1162 l»
589 1097 632 1164 Et
649 1093 826 1188 abreptum
848 1090 941 1161 nullo
959 1093 1134 1162 conamine
1148 1092 1229 1186 jecit

382 1225 424 1290 'In
441 1221 548 1314 latus3
570 1216 733 1287 absistunt
750 1211 890 1308 procul,
908 1213 1108 1308 attonitique
1125 1212 1271 1282 fatentur

384 1340 536 1412 Cedere:
553 1344 608 1411 vix
629 1368 716 1412 unus
735 1335 917 1429 Phlegyas,
934 1355 1075 1425 acerque
1090 1332 1304 1401 Menestheus

384 1465 475 1556 (Hos
492 1465 591 1532 etiam
602 1463 720 1556 »pudor
738 1477 772 1532 et
791 1462 906 1557 magni
927 1453 1064 1521 tenuere
1080 1451 1257 1545 parentet)

385 1585 570 1652 Promisere
586 1609 722 1652 manum
740 1609 747 1650 :
765 1585 930 1652 concessit
946 1595 1056 1652 cetera
1073 1573 1179 1666 pubes

385 1704 531 1795 Sponte,
549 1711 582 1770 et
598 1701 738 1772 adorato
755 1702 854 1771 rediit
873 1700 1018 1797 ingloria
1034 1702 1139 1793 disco,

435 1821 554 1910 Qualis
573 1823 729 1891 Bistoniis
745 1819 882 1916 clypeus
898 1823 1065 1892 Mavortis
1081 1824 1116 1891 in
1135 1821 1223 1892 srvis

385 1945 477 2012 Luce
494 1941 581 2012 mala
596 1945 739 2037 Pangaea
757 1941 854 2028 ferit,
873 1939 1046 2035 solemque
1063 1941 1233 2037 refulgens

385 2064 548 2151 Territat,
567 2054 766 2156 incussaque
783 2063 847 2131 Dei
865 2085 967 2156 grave
982 2064 1091 2157 mugit
1109 2062 1153 2133 ab
1170 2064 1276 2135 hasta.

435 2184 558 2252 Pisaeus
577 2182 740 2278 Phlegyas
757 2206 846 2277 opus.
862 2183 1020 2272 inchoat,
1039 2199 1072 2252 et
1089 2183 1190 2254 simul
1210 2209 1324 2276 omnes

386 2301 537 2374 Abstulit
552 2303 587 2371 in
605 2327 640 2374 se
658 2301 774 2372 oculos
791 2303 955 2372 exhausto
974 2327 1117 2400 corpore
1136 2307 1242 2375 virtus

385 2425 577 2494 Promissa:
596 2447 636 2491 ac
655 2423 803 2517 primum
822 2437 913 2492 terra
931 2422 1130 2519 discumque
1142 2451 1351 2520 manumque

385 2547 550 2640 Asperat:
571 2565 709 2612 excusso
725 2565 804 2611 mox
822 2543 950 2614 circum
968 2544 1109 2640 pulvere
1126 2561 1256 2632 versat,

386 2665 488 2756 Quod
504 2664 591 2735 latus
612 2666 647 2733 in
665 2663 806 2760 digitos,
827 2665 945 2736 media
961 2665 1053 2761 quod
1070 2669 1195 2738 certius
1213 2665 1300 2736 ulna

386 2787 597 2856 Conveniat:
615 2809 683 2854 non
702 2787 784 2859 artis
803 2811 904 2883 egens
920 2813 929 2856 ε
947 2788 1004 2856 hi'c
1020 2811 1152 2884 semper
1168 2789 1276 2857 amori
1304 2822 1314 2831 ·

270 2979 273 2986 Δ
386 2906 502 2976 Ludus
519 2922 609 2994 erat,
630 2909 747 3002 patriae
764 2931 832 2975 nou
851 2921 982 2976 tantum
997 2907 1055 2976 ubi
1075 2905 1183 2977 laudis
1201 2908 1296 2978 obire

387 3031 509 3115 Sacra,
531 3027 589 3096 sed
605 3009 740 3096 alternis
762 3026 915 3122 Alpheon
936 3029 1106 3121 utrimque
1126 3026 1255 3098 solebat

386 3149 500 3218 Metiri
518 3147 619 3242 ripis,
638 3163 692 3229 et,
710 3171 776 3240 qua
797 3145 958 3218 latissima
979 3147 1125 3234 distant,
1182 3174 1185 3180 “

386 3269 464 3338 Non
482 3253 631 3362 uuquam
649 3291 758 3336 merso
778 3269 1003 3337 transmittere
1018 3261 1159 3337 flumina
1175 3267 1279 3338 disco.

387 3391 478 3484 Ergo
495 3411 637 3484 operum
656 3388 781 3475 fideus,
802 3413 871 3456 non
889 3388 1044 3482 protinus
1065 3388 1204 3457 horrida
1223 3392 1334 3484 campi
1416 3403 1420 3412 ‘

310 3543 314 3554 ·
387 3513 529 3604 Jugera,
549 3509 606 3577 sed
628 3507 711 3577 coelo
729 3507 882 3578 dextram
901 3509 1048 3596 metitur,
1067 3508 1226 3603 humique

388 3633 524 3698 Pressus
542 3639 687 3721 utroque
709 3653 817 3725 genu,
836 3627 976 3700 collecto
995 3631 1159 3723 sanguine
1179 3629 1310 3699 discum

388 3746 464 3844 lpse
485 3775 585 3845 super
604 3774 673 3819 sese
693 3764 799 3836 rotat,
821 3766 922 3844 atque
942 3752 976 3818 in
996 3747 1111 3819 nubila
1129 3749 1255 3819 condit.
1330 3755 1333 3760 ’

388 3870 448 3940 llle
469 3873 554 3940 citus
574 3868 715 3940 sublime
734 3869 1044 3965 petit,'similisque
1065 3870 1197 3940 cadenti

387 3993 516 4062 Crescit
535 3993 569 4059 in
591 3991 788 4079 adversum,
810 3991 1013 4085 tandemque
1030 3993 1210 4062 exhaustus
1224 3993 1272 4060 ab
1291 3991 1363 4063 alto

388 4111 531 4200 Tardior
551 4113 585 4181 in
604 4127 727 4180 terram
746 4111 850 4198 redit,
869 4128 970 4205 atque
992 4115 1202 4208 immergitur
1220 4116 1320 4182 arvis.
