<?xml version="1.0" encoding="UTF-8"?>
<!DOCTYPE html PUBLIC "-//W3C//DTD XHTML 1.0 Transitional//EN"
    "http://www.w3.org/TR/xhtml1/DTD/xhtml1-transitional.dtd">
<html xmlns="http://www.w3.org/1999/xhtml" xml:lang="en" lang="en">
 <head>
  <title>
</title>
<meta http-equiv="Content-Type" content="text/html;charset=utf-8" />
  <meta name='ocr-system' content='tesseract 3.04.00' />
  <meta name='ocr-capabilities' content='ocr_page ocr_carea ocr_par ocr_line ocrx_word'/>
</head>
<body>
  <div class='ocr_page' id='page_1' title='image "./operaquaeextant00dbgoog_0587.png"; bbox 0 0 3094 5140; ppageno 0'>
   <div class='ocr_carea' id='block_1_1' title="bbox 358 425 1438 496">
    <p class='ocr_par' dir='ltr' id='par_1_1' title="bbox 358 425 1438 496">
     <span class='ocr_line' id='line_1_1' title="bbox 358 425 1438 496; baseline -0.009 -12"><span class='ocrx_word' id='word_1_1' title='bbox 358 427 415 496; x_wconf 70' lang='lat' dir='ltr'><strong>ars</strong></span> <span class='ocrx_word' id='word_1_2' title='bbox 660 425 1015 482; x_wconf 56' lang='lat' dir='ltr'><strong>nnsnsmos‘nmsn</strong></span> <span class='ocrx_word' id='word_1_3' title='bbox 1037 426 1101 480; x_wconf 87' lang='lat' dir='ltr'><strong>xu.</strong></span> <span class='ocrx_word' id='word_1_4' title='bbox 1301 429 1340 489; x_wconf 59' lang='lat' dir='ltr'><strong>(v.</strong></span> <span class='ocrx_word' id='word_1_5' title='bbox 1359 427 1438 489; x_wconf 42' lang='grc' dir='ltr'><strong>σοι)</strong></span> 
     </span>
    </p>
   </div>
   <div class='ocr_carea' id='block_1_2' title="bbox 355 551 1387 4166">
    <p class='ocr_par' dir='ltr' id='par_1_2' title="bbox 357 551 1218 650">
     <span class='ocr_line' id='line_1_2' title="bbox 357 551 1218 650; baseline -0.007 -25"><span class='ocrx_word' id='word_1_6' title='bbox 357 559 561 650; x_wconf 79' lang='lat' dir='ltr'><strong>Regnaque,</strong></span> <span class='ocrx_word' id='word_1_7' title='bbox 579 567 613 622; x_wconf 93' lang='lat' dir='ltr'><strong>et</strong></span> <span class='ocrx_word' id='word_1_8' title='bbox 632 579 653 622; x_wconf 84' lang='lat' dir='ltr'><strong>n</strong></span> <span class='ocrx_word' id='word_1_9' title='bbox 665 553 766 646; x_wconf 88' lang='lat' dir='ltr'><strong>justis</strong></span> <span class='ocrx_word' id='word_1_10' title='bbox 779 555 930 621; x_wconf 77' lang='lat' dir='ltr'><strong>Fortuna</strong></span> <span class='ocrx_word' id='word_1_11' title='bbox 948 551 1120 622; x_wconf 79' lang='lat' dir='ltr'><strong>recederet</strong></span> <span class='ocrx_word' id='word_1_12' title='bbox 1139 552 1218 621; x_wconf 86' lang='lat' dir='ltr'><strong>aris.</strong></span> 
     </span>
    </p>

    <p class='ocr_par' dir='ltr' id='par_1_3' title="bbox 355 672 1167 770">
     <span class='ocr_line' id='line_1_3' title="bbox 355 672 1167 770; baseline -0.001 -26"><span class='ocrx_word' id='word_1_13' title='bbox 355 679 430 744; x_wconf 84' lang='lat' dir='ltr'><strong>Jam</strong></span> <span class='ocrx_word' id='word_1_14' title='bbox 451 689 533 744; x_wconf 91' lang='lat' dir='ltr'><strong>tunc</strong></span> <span class='ocrx_word' id='word_1_15' title='bbox 551 677 736 746; x_wconf 72' lang='lat' dir='ltr'><strong>innumero</strong></span> <span class='ocrx_word' id='word_1_16' title='bbox 755 687 879 744; x_wconf 82' lang='lat' dir='ltr'><strong>norant</strong></span> <span class='ocrx_word' id='word_1_17' title='bbox 899 672 1167 770; x_wconf 81' lang='lat' dir='ltr'><strong>altarie‘gentes.</strong></span> 
     </span>
    </p>

    <p class='ocr_par' dir='ltr' id='par_1_4' title="bbox 356 793 1356 1256">
     <span class='ocr_line' id='line_1_4' title="bbox 357 793 1143 892; baseline -0.001 -26"><span class='ocrx_word' id='word_1_18' title='bbox 357 801 433 867; x_wconf 87' lang='lat' dir='ltr'><strong>Huc</strong></span> <span class='ocrx_word' id='word_1_19' title='bbox 451 798 532 866; x_wconf 90' lang='lat' dir='ltr'><strong>victi</strong></span> <span class='ocrx_word' id='word_1_20' title='bbox 550 793 662 884; x_wconf 88' lang='lat' dir='ltr'><strong>bellis,</strong></span> <span class='ocrx_word' id='word_1_21' title='bbox 683 797 860 892; x_wconf 83' lang='lat' dir='ltr'><strong>patrieque</strong></span> <span class='ocrx_word' id='word_1_22' title='bbox 878 820 897 864; x_wconf 91' lang='lat' dir='ltr'><strong>e</strong></span> <span class='ocrx_word' id='word_1_23' title='bbox 917 795 1004 865; x_wconf 90' lang='lat' dir='ltr'><strong>sede</strong></span> <span class='ocrx_word' id='word_1_24' title='bbox 1018 795 1143 892; x_wconf 69' lang='lat' dir='ltr'><strong>fugati,</strong></span> 
     </span>
     <span class='ocr_line' id='line_1_5' title="bbox 357 916 1356 1016; baseline 0 -27"><span class='ocrx_word' id='word_1_25' title='bbox 357 923 623 1016; x_wconf 81' lang='lat' dir='ltr'><strong>Regnorumque</strong></span> <span class='ocrx_word' id='word_1_26' title='bbox 641 920 781 1013; x_wconf 87' lang='lat' dir='ltr'>inopes,</span> <span class='ocrx_word' id='word_1_27' title='bbox 798 916 1038 1013; x_wconf 84' lang='lat' dir='ltr'><strong>scelerumque</strong></span> <span class='ocrx_word' id='word_1_28' title='bbox 1050 943 1165 988; x_wconf 90' lang='lat' dir='ltr'><strong>errore</strong></span> <span class='ocrx_word' id='word_1_29' title='bbox 1184 935 1356 989; x_wconf 80' lang='lat' dir='ltr'><strong>nocentes</strong></span> 
     </span>
     <span class='ocr_line' id='line_1_6' title="bbox 356 1017 1332 1135; baseline -0.002 -25"><span class='ocrx_word' id='word_1_30' title='bbox 356 1041 575 1110; x_wconf 83' lang='lat' dir='ltr'><strong>Conveniunt</strong></span> <span class='ocrx_word' id='word_1_31' title='bbox 585 1049 796 1134; x_wconf 83' lang='lat' dir='ltr'><strong>,pacemque</strong></span> <span class='ocrx_word' id='word_1_32' title='bbox 814 1055 961 1135; x_wconf 82' lang='lat' dir='ltr'><strong>rogant:</strong></span> <span class='ocrx_word' id='word_1_33' title='bbox 981 1017 1060 1109; x_wconf 83' lang='lat' dir='ltr'><strong>mox</strong></span> <span class='ocrx_word' id='word_1_34' title='bbox 1073 1040 1209 1135; x_wconf 75' lang='lat' dir='ltr'><strong>hospita</strong></span> <span class='ocrx_word' id='word_1_35' title='bbox 1224 1040 1332 1110; x_wconf 80' lang='lat' dir='ltr'><strong>sedes·</strong></span> 
     </span>
     <span class='ocr_line' id='line_1_7' title="bbox 356 1158 1192 1256; baseline -0.001 -26"><span class='ocrx_word' id='word_1_36' title='bbox 356 1163 448 1232; x_wconf 86' lang='lat' dir='ltr'><strong>Vicit</strong></span> <span class='ocrx_word' id='word_1_37' title='bbox 465 1177 500 1230; x_wconf 94' lang='lat' dir='ltr'><strong>et</strong></span> <span class='ocrx_word' id='word_1_38' title='bbox 519 1160 709 1256; x_wconf 82' lang='lat' dir='ltr'><strong>OEdipodae</strong></span> <span class='ocrx_word' id='word_1_39' title='bbox 724 1161 863 1248; x_wconf 84' lang='lat' dir='ltr'><strong>Furios,</strong></span> <span class='ocrx_word' id='word_1_40' title='bbox 879 1176 913 1230; x_wconf 92' lang='lat' dir='ltr'><strong>et</strong></span> <span class='ocrx_word' id='word_1_41' title='bbox 929 1158 1192 1256; x_wconf 76' lang='lat' dir='ltr'><strong>ftmns&#39;Olynthi</strong></span> 
     </span>
    </p>

    <p class='ocr_par' dir='ltr' id='par_1_5' title="bbox 356 1283 1190 1369">
     <span class='ocr_line' id='line_1_8' title="bbox 356 1283 1190 1369; baseline -0.002 -17"><span class='ocrx_word' id='word_1_42' title='bbox 356 1284 469 1369; x_wconf 78' lang='lat' dir='ltr'><strong>Texit,</strong></span> <span class='ocrx_word' id='word_1_43' title='bbox 484 1297 552 1352; x_wconf 84' lang='lat' dir='ltr'><strong>ete</strong></span> <span class='ocrx_word' id='word_1_44' title='bbox 570 1284 694 1352; x_wconf 87' lang='lat' dir='ltr'><strong>misero</strong></span> <span class='ocrx_word' id='word_1_45' title='bbox 711 1299 854 1354; x_wconf 84' lang='lat' dir='ltr'><strong>matrem</strong></span> <span class='ocrx_word' id='word_1_46' title='bbox 871 1283 1041 1353; x_wconf 84' lang='lat' dir='ltr'><strong>submovit</strong></span> <span class='ocrx_word' id='word_1_47' title='bbox 1060 1286 1190 1354; x_wconf 83' lang='lat' dir='ltr'><strong>Oreste.</strong></span> 
     </span>
    </p>

    <p class='ocr_par' dir='ltr' id='par_1_6' title="bbox 356 1402 1387 1742">
     <span class='ocr_line' id='line_1_9' title="bbox 405 1402 1387 1500; baseline 0 -27"><span class='ocrx_word' id='word_1_48' title='bbox 405 1409 506 1474; x_wconf 86' lang='lat' dir='ltr'><strong>Hunc</strong></span> <span class='ocrx_word' id='word_1_49' title='bbox 520 1404 624 1500; x_wconf 78' lang='lat' dir='ltr'><strong>vulgo</strong></span> <span class='ocrx_word' id='word_1_50' title='bbox 639 1418 850 1475; x_wconf 71' lang='lat' dir='ltr'><strong>monstrante</strong></span> <span class='ocrx_word' id='word_1_51' title='bbox 866 1402 993 1492; x_wconf 89' lang='lat' dir='ltr'><strong>locum,</strong></span> <span class='ocrx_word' id='word_1_52' title='bbox 1007 1429 1126 1474; x_wconf 78' lang='lat' dir='ltr'><strong>manns</strong></span> <span class='ocrx_word' id='word_1_53' title='bbox 1140 1405 1240 1474; x_wconf 82' lang='lat' dir='ltr'><strong>anxia</strong></span> <span class='ocrx_word' id='word_1_54' title='bbox 1256 1407 1387 1473; x_wconf 79' lang='lat' dir='ltr'><strong>Lernae</strong></span> 
     </span>
     <span class='ocr_line' id='line_1_10' title="bbox 356 1525 1200 1621; baseline -0.006 -23"><span class='ocrx_word' id='word_1_55' title='bbox 356 1526 550 1598; x_wconf 88' lang='lat' dir='ltr'><strong>Deveniunt</strong></span> <span class='ocrx_word' id='word_1_56' title='bbox 564 1552 573 1594; x_wconf 91' lang='lat'><strong>:</strong></span> <span class='ocrx_word' id='word_1_57' title='bbox 589 1525 679 1596; x_wconf 82' lang='lat' dir='ltr'><strong>cedit</strong></span> <span class='ocrx_word' id='word_1_58' title='bbox 697 1526 899 1596; x_wconf 86' lang='lat' dir='ltr'><strong>miserorum</strong></span> <span class='ocrx_word' id='word_1_59' title='bbox 918 1526 1020 1596; x_wconf 84' lang='lat' dir='ltr'><strong>turbe</strong></span> <span class='ocrx_word' id='word_1_60' title='bbox 1038 1528 1200 1621; x_wconf 87' lang='lat' dir='ltr'><strong>priorum.</strong></span> 
     </span>
     <span class='ocr_line' id='line_1_11' title="bbox 357 1647 1133 1742; baseline -0.005 -23"><span class='ocrx_word' id='word_1_61' title='bbox 357 1647 487 1719; x_wconf 84' lang='lat' dir='ltr'><strong>Vixibi</strong></span> <span class='ocrx_word' id='word_1_62' title='bbox 507 1647 629 1717; x_wconf 84' lang='lat' dir='ltr'><strong>sedatis</strong></span> <span class='ocrx_word' id='word_1_63' title='bbox 646 1648 846 1741; x_wconf 86' lang='lat' dir='ltr'><strong>requierunt</strong></span> <span class='ocrx_word' id='word_1_64' title='bbox 865 1661 1003 1742; x_wconf 81' lang='lat' dir='ltr'><strong>pectore</strong></span> <span class='ocrx_word' id='word_1_65' title='bbox 1021 1649 1133 1717; x_wconf 86' lang='lat' dir='ltr'><strong>curis:</strong></span> 
     </span>
    </p>

    <p class='ocr_par' dir='ltr' id='par_1_7' title="bbox 356 1767 1335 2234">
     <span class='ocr_line' id='line_1_12' title="bbox 357 1767 1246 1867; baseline -0.002 -27"><span class='ocrx_word' id='word_1_66' title='bbox 357 1773 427 1840; x_wconf 90' lang='lat' dir='ltr'><strong>Ceu</strong></span> <span class='ocrx_word' id='word_1_67' title='bbox 448 1771 575 1864; x_wconf 84' lang='lat' dir='ltr'><strong>patrio,</strong></span> <span class='ocrx_word' id='word_1_68' title='bbox 595 1793 697 1864; x_wconf 89' lang='lat' dir='ltr'><strong>super</strong></span> <span class='ocrx_word' id='word_1_69' title='bbox 714 1767 799 1855; x_wconf 82' lang='lat' dir='ltr'><strong>alta,</strong></span> <span class='ocrx_word' id='word_1_70' title='bbox 818 1794 918 1866; x_wconf 73' lang='lat' dir='ltr'><strong>grues</strong></span> <span class='ocrx_word' id='word_1_71' title='bbox 936 1767 1107 1867; x_wconf 75' lang='lat' dir='ltr'><strong>Aquilone</strong></span> <span class='ocrx_word' id='word_1_72' title='bbox 1124 1769 1246 1864; x_wconf 71' lang='lat' dir='ltr'><strong>fugetae</strong></span> 
     </span>
     <span class='ocr_line' id='line_1_13' title="bbox 356 1893 1335 1990; baseline 0 -24"><span class='ocrx_word' id='word_1_73' title='bbox 356 1897 473 1986; x_wconf 87' lang='lat' dir='ltr'><strong>Quum</strong></span> <span class='ocrx_word' id='word_1_74' title='bbox 490 1894 604 1964; x_wconf 86' lang='lat' dir='ltr'><strong>videre</strong></span> <span class='ocrx_word' id='word_1_75' title='bbox 617 1895 775 1983; x_wconf 81' lang='lat' dir='ltr'><strong>thon3</strong></span> <span class='ocrx_word' id='word_1_76' title='bbox 795 1909 878 1966; x_wconf 87' lang='lat' dir='ltr'><strong>tuno</strong></span> <span class='ocrx_word' id='word_1_77' title='bbox 897 1897 1023 1966; x_wconf 75' lang='lat' dir='ltr'><strong>ethera</strong></span> <span class='ocrx_word' id='word_1_78' title='bbox 1042 1894 1142 1966; x_wconf 79' lang='lat' dir='ltr'><strong>lulius</strong></span> <span class='ocrx_word' id='word_1_79' title='bbox 1161 1893 1335 1990; x_wconf 82' lang='lat' dir='ltr'><strong>implent,</strong></span> 
     </span>
     <span class='ocr_line' id='line_1_14' title="bbox 358 2014 1259 2111; baseline -0.001 -25"><span class='ocrx_word' id='word_1_80' title='bbox 358 2020 454 2086; x_wconf 88' lang='lat' dir='ltr'><strong>Tunc</strong></span> <span class='ocrx_word' id='word_1_81' title='bbox 471 2014 571 2086; x_wconf 85' lang='lat' dir='ltr'><strong>hilari</strong></span> <span class='ocrx_word' id='word_1_82' title='bbox 590 2015 749 2111; x_wconf 83' lang='lat' dir='ltr'><strong>clangore</strong></span> <span class='ocrx_word' id='word_1_83' title='bbox 767 2032 908 2104; x_wconf 79' lang='lat' dir='ltr'><strong>sonunt3</strong></span> <span class='ocrx_word' id='word_1_84' title='bbox 922 2019 1020 2111; x_wconf 84' lang='lat' dir='ltr'><strong>juvat</strong></span> <span class='ocrx_word' id='word_1_85' title='bbox 1038 2017 1120 2086; x_wconf 84' lang='lat' dir='ltr'><strong>orbe</strong></span> <span class='ocrx_word' id='word_1_86' title='bbox 1141 2041 1259 2088; x_wconf 84' lang='lat' dir='ltr'><strong>sereno</strong></span> 
     </span>
     <span class='ocr_line' id='line_1_15' title="bbox 357 2136 1167 2234; baseline -0.002 -26"><span class='ocrx_word' id='word_1_87' title='bbox 357 2139 584 2209; x_wconf 85' lang='lat' dir='ltr'><strong>Contemsisse</strong></span> <span class='ocrx_word' id='word_1_88' title='bbox 603 2139 712 2225; x_wconf 88' lang='lat' dir='ltr'><strong>nives,</strong></span> <span class='ocrx_word' id='word_1_89' title='bbox 730 2154 764 2209; x_wconf 88' lang='lat' dir='ltr'><strong>et</strong></span> <span class='ocrx_word' id='word_1_90' title='bbox 783 2138 910 2234; x_wconf 78' lang='lat' dir='ltr'><strong>frigora¹</strong></span> <span class='ocrx_word' id='word_1_91' title='bbox 929 2138 1060 2208; x_wconf 84' lang='lat' dir='ltr'><strong>solvere</strong></span> <span class='ocrx_word' id='word_1_92' title='bbox 1076 2136 1167 2209; x_wconf 88' lang='lat' dir='ltr'><strong>Nilo.</strong></span> 
     </span>
    </p>

    <p class='ocr_par' dir='ltr' id='par_1_8' title="bbox 356 2259 1332 2476">
     <span class='ocr_line' id='line_1_16' title="bbox 356 2259 1332 2355; baseline 0 -27"><span class='ocrx_word' id='word_1_93' title='bbox 356 2263 499 2354; x_wconf 86' lang='lat' dir='ltr'><strong>Jamque</strong></span> <span class='ocrx_word' id='word_1_94' title='bbox 516 2259 634 2329; x_wconf 93' lang='lat' dir='ltr'><strong>domos</strong></span> <span class='ocrx_word' id='word_1_95' title='bbox 653 2261 794 2355; x_wconf 85' lang='lat' dir='ltr'><strong>patrios,</strong></span> <span class='ocrx_word' id='word_1_96' title='bbox 814 2261 977 2354; x_wconf 63' lang='lat' dir='ltr'><strong>Scythice</strong></span> <span class='ocrx_word' id='word_1_97' title='bbox 994 2275 1070 2355; x_wconf 89' lang='lat' dir='ltr'><strong>post</strong></span> <span class='ocrx_word' id='word_1_98' title='bbox 1086 2285 1203 2355; x_wconf 79' lang='lat' dir='ltr'><strong>aspere</strong></span> <span class='ocrx_word' id='word_1_99' title='bbox 1220 2261 1332 2353; x_wconf 82' lang='lat' dir='ltr'><strong>gentis</strong></span> 
     </span>
     <span class='ocr_line' id='line_1_17' title="bbox 357 2377 1175 2476; baseline -0.001 -27"><span class='ocrx_word' id='word_1_100' title='bbox 357 2377 496 2468; x_wconf 83' lang='lat' dir='ltr'><strong>Proelia,</strong></span> <span class='ocrx_word' id='word_1_101' title='bbox 520 2378 688 2476; x_wconf 81' lang='lat' dir='ltr'><strong>laurigero</strong></span> <span class='ocrx_word' id='word_1_102' title='bbox 708 2381 907 2450; x_wconf 87' lang='lat' dir='ltr'><strong>subeuntem</strong></span> <span class='ocrx_word' id='word_1_103' title='bbox 925 2382 1056 2450; x_wconf 86' lang='lat' dir='ltr'><strong>Thesea</strong></span> <span class='ocrx_word' id='word_1_104' title='bbox 1073 2405 1175 2450; x_wconf 88' lang='lat' dir='ltr'><strong>curru</strong></span> 
     </span>
    </p>

    <p class='ocr_par' dir='ltr' id='par_1_9' title="bbox 356 2499 1254 2958">
     <span class='ocr_line' id='line_1_18' title="bbox 358 2499 1169 2598; baseline 0 -28"><span class='ocrx_word' id='word_1_105' title='bbox 358 2501 495 2572; x_wconf 83' lang='lat' dir='ltr'><strong>Laetifici</strong></span> <span class='ocrx_word' id='word_1_106' title='bbox 515 2500 666 2596; x_wconf 87' lang='lat' dir='ltr'><strong>plausus,</strong></span> <span class='ocrx_word' id='word_1_107' title='bbox 682 2503 870 2596; x_wconf 85' lang='lat' dir='ltr'><strong>missusque</strong></span> <span class='ocrx_word' id='word_1_108' title='bbox 887 2502 932 2572; x_wconf 80' lang='lat' dir='ltr'><strong>ad</strong></span> <span class='ocrx_word' id='word_1_109' title='bbox 951 2499 1060 2572; x_wconf 82' lang='lat' dir='ltr'><strong>sidera</strong></span> <span class='ocrx_word' id='word_1_110' title='bbox 1077 2499 1169 2598; x_wconf 83' lang='lat' dir='ltr'><strong>vulgi</strong></span> 
     </span>
     <span class='ocr_line' id='line_1_19' title="bbox 357 2620 1254 2708; baseline -0.002 -15"><span class='ocrx_word' id='word_1_111' title='bbox 357 2620 509 2708; x_wconf 85' lang='lat' dir='ltr'><strong>Clamor,</strong></span> <span class='ocrx_word' id='word_1_112' title='bbox 528 2638 561 2691; x_wconf 91' lang='lat' dir='ltr'><strong>et</strong></span> <span class='ocrx_word' id='word_1_113' title='bbox 578 2624 725 2692; x_wconf 89' lang='lat' dir='ltr'><strong>emeritis</strong></span> <span class='ocrx_word' id='word_1_114' title='bbox 745 2621 861 2692; x_wconf 79' lang='lat' dir='ltr'><strong>hilaris</strong></span> <span class='ocrx_word' id='word_1_115' title='bbox 881 2623 962 2692; x_wconf 85' lang='lat' dir='ltr'><strong>tuba</strong></span> <span class='ocrx_word' id='word_1_116' title='bbox 986 2624 1120 2693; x_wconf 80' lang='lat' dir='ltr'><strong>nuntiat</strong></span> <span class='ocrx_word' id='word_1_117' title='bbox 1140 2626 1254 2692; x_wconf 83' lang='lat' dir='ltr'><strong>armis.</strong></span> 
     </span>
     <span class='ocr_line' id='line_1_20' title="bbox 359 2741 1197 2838; baseline 0.001 -26"><span class='ocrx_word' id='word_1_118' title='bbox 359 2745 447 2812; x_wconf 81' lang='lat' dir='ltr'><strong>Ante</strong></span> <span class='ocrx_word' id='word_1_119' title='bbox 466 2742 586 2812; x_wconf 90' lang='lat' dir='ltr'><strong>ducem</strong></span> <span class='ocrx_word' id='word_1_120' title='bbox 603 2741 711 2837; x_wconf 82' lang='lat' dir='ltr'><strong>spolia</strong></span> <span class='ocrx_word' id='word_1_121' title='bbox 730 2743 860 2813; x_wconf 74' lang='lat' dir='ltr'><strong>et&#39;duri</strong></span> <span class='ocrx_word' id='word_1_122' title='bbox 878 2745 1044 2814; x_wconf 82' lang='lat' dir='ltr'><strong>Mavortis</strong></span> <span class='ocrx_word' id='word_1_123' title='bbox 1066 2745 1197 2838; x_wconf 83' lang='lat' dir='ltr'><strong>imago,</strong></span> 
     </span>
     <span class='ocr_line' id='line_1_21' title="bbox 356 2862 1221 2958; baseline 0 -25"><span class='ocrx_word' id='word_1_124' title='bbox 356 2863 510 2958; x_wconf 84' lang='lat' dir='ltr'><strong>Virginei</strong></span> <span class='ocrx_word' id='word_1_125' title='bbox 531 2888 669 2948; x_wconf 87' lang='lat' dir='ltr'><strong>currus,</strong></span> <span class='ocrx_word' id='word_1_126' title='bbox 688 2862 928 2958; x_wconf 82' lang='lat' dir='ltr'><strong>cumulataque</strong></span> <span class='ocrx_word' id='word_1_127' title='bbox 947 2863 1074 2934; x_wconf 83' lang='lat' dir='ltr'><strong>fercula</strong></span> <span class='ocrx_word' id='word_1_128' title='bbox 1095 2865 1221 2950; x_wconf 86' lang='lat' dir='ltr'><strong>cristis,</strong></span> 
     </span>
    </p>

    <p class='ocr_par' dir='ltr' id='par_1_10' title="bbox 355 2983 1301 3683">
     <span class='ocr_line' id='line_1_22' title="bbox 357 2983 1246 3079; baseline 0.003 -27"><span class='ocrx_word' id='word_1_129' title='bbox 357 2989 399 3052; x_wconf 88' lang='lat' dir='ltr'><strong>Et</strong></span> <span class='ocrx_word' id='word_1_130' title='bbox 421 2985 530 3052; x_wconf 86' lang='lat' dir='ltr'><strong>tristes</strong></span> <span class='ocrx_word' id='word_1_131' title='bbox 550 2983 720 3053; x_wconf 83' lang='lat' dir='ltr'><strong>ducuntur·</strong></span> <span class='ocrx_word' id='word_1_132' title='bbox 736 2987 834 3078; x_wconf 88' lang='lat' dir='ltr'><strong>equi,</strong></span> <span class='ocrx_word' id='word_1_133' title='bbox 855 2985 1049 3079; x_wconf 82' lang='lat' dir='ltr'><strong>truncaequ&#39;e</strong></span> <span class='ocrx_word' id='word_1_134' title='bbox 1066 2985 1246 3079; x_wconf 87' lang='lat' dir='ltr'><strong>bipennes,</strong></span> 
     </span>
     <span class='ocr_line' id='line_1_23' title="bbox 356 3103 1278 3194; baseline 0.004 -22"><span class='ocrx_word' id='word_1_135' title='bbox 356 3105 442 3193; x_wconf 88' lang='lat' dir='ltr'><strong>Quis</strong></span> <span class='ocrx_word' id='word_1_136' title='bbox 463 3128 601 3173; x_wconf 87' lang='lat' dir='ltr'><strong>nemora</strong></span> <span class='ocrx_word' id='word_1_137' title='bbox 619 3119 652 3173; x_wconf 89' lang='lat' dir='ltr'><strong>et</strong></span> <span class='ocrx_word' id='word_1_138' title='bbox 670 3103 813 3174; x_wconf 81' lang='lat' dir='ltr'><strong>solidam</strong></span> <span class='ocrx_word' id='word_1_139' title='bbox 831 3105 989 3175; x_wconf 64' lang='lat' dir='ltr'><strong>Maeotida</strong></span> <span class='ocrx_word' id='word_1_140' title='bbox 1009 3106 1138 3176; x_wconf 70' lang='lat' dir='ltr'><strong>credere</strong></span> <span class='ocrx_word' id='word_1_141' title='bbox 1156 3121 1278 3194; x_wconf 78' lang='lat' dir='ltr'><strong>suetae,</strong></span> 
     </span>
     <span class='ocr_line' id='line_1_24' title="bbox 356 3224 1188 3321; baseline 0.004 -28"><span class='ocrx_word' id='word_1_142' title='bbox 356 3226 542 3318; x_wconf 85' lang='lat' dir='ltr'><strong>Corytique</strong></span> <span class='ocrx_word' id='word_1_143' title='bbox 560 3224 648 3294; x_wconf 87' lang='lat' dir='ltr'><strong>leves</strong></span> <span class='ocrx_word' id='word_1_144' title='bbox 667 3241 859 3319; x_wconf 83' lang='lat' dir='ltr'><strong>portentur,</strong></span> <span class='ocrx_word' id='word_1_145' title='bbox 879 3241 913 3295; x_wconf 90' lang='lat' dir='ltr'><strong>et</strong></span> <span class='ocrx_word' id='word_1_146' title='bbox 934 3227 1030 3321; x_wconf 80' lang='lat' dir='ltr'><strong>ignea</strong></span> <span class='ocrx_word' id='word_1_147' title='bbox 1048 3229 1188 3321; x_wconf 83' lang='lat' dir='ltr'><strong>gemmis</strong></span> 
     </span>
     <span class='ocr_line' id='line_1_25' title="bbox 357 3344 1301 3441; baseline -0.001 -26"><span class='ocrx_word' id='word_1_148' title='bbox 357 3344 521 3440; x_wconf 85' lang='lat' dir='ltr'><strong>Cingula,</strong></span> <span class='ocrx_word' id='word_1_149' title='bbox 541 3361 573 3416; x_wconf 89' lang='lat' dir='ltr'><strong>et</strong></span> <span class='ocrx_word' id='word_1_150' title='bbox 595 3346 754 3416; x_wconf 83' lang='lat' dir='ltr'><strong>informes</strong></span> <span class='ocrx_word' id='word_1_151' title='bbox 773 3345 986 3416; x_wconf 84' lang='lat' dir='ltr'><strong>dominarum</strong></span> <span class='ocrx_word' id='word_1_152' title='bbox 1009 3349 1171 3441; x_wconf 81' lang='lat' dir='ltr'><strong>sanguine</strong></span> <span class='ocrx_word' id='word_1_153' title='bbox 1192 3345 1301 3440; x_wconf 82' lang='lat' dir='ltr'><strong>peltae.</strong></span> 
     </span>
     <span class='ocr_line' id='line_1_26' title="bbox 355 3466 1275 3562; baseline 0 -28"><span class='ocrx_word' id='word_1_154' title='bbox 355 3469 442 3559; x_wconf 82' lang='lat' dir='ltr'><strong>lpsoe</strong></span> <span class='ocrx_word' id='word_1_155' title='bbox 463 3481 575 3536; x_wconf 83' lang='lat' dir='ltr'><strong>autem</strong></span> <span class='ocrx_word' id='word_1_156' title='bbox 596 3466 749 3536; x_wconf 89' lang='lat' dir='ltr'><strong>nondum</strong></span> <span class='ocrx_word' id='word_1_157' title='bbox 766 3467 927 3562; x_wconf 68' lang='lat' dir='ltr'><strong>trepida,</strong></span> <span class='ocrx_word' id='word_1_158' title='bbox 944 3471 1101 3538; x_wconf 81' lang='lat' dir='ltr'><strong>sexumve</strong></span> <span class='ocrx_word' id='word_1_159' title='bbox 1118 3466 1275 3552; x_wconf 86' lang='lat' dir='ltr'><strong>fatentur,</strong></span> 
     </span>
     <span class='ocr_line' id='line_1_27' title="bbox 355 3585 1235 3683; baseline -0.005 -25"><span class='ocrx_word' id='word_1_160' title='bbox 355 3589 428 3658; x_wconf 90' lang='lat' dir='ltr'><strong>Nec</strong></span> <span class='ocrx_word' id='word_1_161' title='bbox 449 3585 586 3680; x_wconf 83' lang='lat' dir='ltr'><strong>vulgare</strong></span> <span class='ocrx_word' id='word_1_162' title='bbox 603 3602 759 3682; x_wconf 81' lang='lat' dir='ltr'><strong>gemunt,</strong></span> <span class='ocrx_word' id='word_1_163' title='bbox 779 3603 1071 3682; x_wconf 85' lang='lat' dir='ltr'><strong>aspernanturque</strong></span> <span class='ocrx_word' id='word_1_164' title='bbox 1082 3589 1235 3683; x_wconf 86' lang='lat' dir='ltr'><strong>precari,</strong></span> 
     </span>
    </p>

    <p class='ocr_par' dir='ltr' id='par_1_11' title="bbox 356 3707 1238 3802">
     <span class='ocr_line' id='line_1_28' title="bbox 356 3707 1238 3802; baseline -0.003 -24"><span class='ocrx_word' id='word_1_165' title='bbox 356 3713 400 3778; x_wconf 90' lang='lat' dir='ltr'><strong>Et</strong></span> <span class='ocrx_word' id='word_1_166' title='bbox 418 3723 551 3777; x_wconf 83' lang='lat' dir='ltr'><strong>tantum</strong></span> <span class='ocrx_word' id='word_1_167' title='bbox 567 3710 718 3802; x_wconf 70' lang='lat' dir='ltr'><strong>innupte</strong></span> <span class='ocrx_word' id='word_1_168' title='bbox 735 3722 892 3802; x_wconf 83' lang='lat' dir='ltr'><strong>quaerunt</strong></span> <span class='ocrx_word' id='word_1_169' title='bbox 910 3707 1051 3778; x_wconf 81' lang='lat' dir='ltr'><strong>delubro</strong></span> <span class='ocrx_word' id='word_1_170' title='bbox 1066 3711 1238 3777; x_wconf 81' lang='lat' dir='ltr'><strong>Minervae.</strong></span> 
     </span>
    </p>

    <p class='ocr_par' dir='ltr' id='par_1_12' title="bbox 355 3831 1273 4166">
     <span class='ocr_line' id='line_1_29' title="bbox 404 3831 1272 3900; baseline -0.002 -2"><span class='ocrx_word' id='word_1_171' title='bbox 404 3831 539 3898; x_wconf 89' lang='lat' dir='ltr'><strong>Primus</strong></span> <span class='ocrx_word' id='word_1_172' title='bbox 557 3853 651 3899; x_wconf 87' lang='lat' dir='ltr'><strong>amor</strong></span> <span class='ocrx_word' id='word_1_173' title='bbox 672 3831 777 3900; x_wconf 85' lang='lat' dir='ltr'><strong>niveis</strong></span> <span class='ocrx_word' id='word_1_174' title='bbox 797 3831 960 3899; x_wconf 80' lang='lat' dir='ltr'><strong>victorem</strong></span> <span class='ocrx_word' id='word_1_175' title='bbox 981 3853 1119 3898; x_wconf 84' lang='lat' dir='ltr'><strong>cernere</strong></span> <span class='ocrx_word' id='word_1_176' title='bbox 1138 3844 1272 3897; x_wconf 82' lang='lat' dir='ltr'><strong>vectum</strong></span> 
     </span>
     <span class='ocr_line' id='line_1_30' title="bbox 355 3950 1246 4046; baseline -0.001 -28"><span class='ocrx_word' id='word_1_177' title='bbox 355 3950 596 4045; x_wconf 81' lang='lat' dir='ltr'><strong>Quadrijugis,</strong></span> <span class='ocrx_word' id='word_1_178' title='bbox 616 3975 679 4019; x_wconf 88' lang='lat' dir='ltr'><strong>nec</strong></span> <span class='ocrx_word' id='word_1_179' title='bbox 698 3978 767 4020; x_wconf 92' lang='lat' dir='ltr'><strong>non</strong></span> <span class='ocrx_word' id='word_1_180' title='bbox 786 3950 930 4046; x_wconf 90' lang='lat' dir='ltr'><strong>populos</strong></span> <span class='ocrx_word' id='word_1_181' title='bbox 951 3953 985 4018; x_wconf 90' lang='lat' dir='ltr'><strong>in</strong></span> <span class='ocrx_word' id='word_1_182' title='bbox 1006 3965 1109 4020; x_wconf 88' lang='lat' dir='ltr'><strong>semet</strong></span> <span class='ocrx_word' id='word_1_183' title='bbox 1128 3950 1246 4045; x_wconf 77' lang='lat' dir='ltr'><strong>agebat</strong></span> 
     </span>
     <span class='ocr_line' id='line_1_31' title="bbox 356 4069 1273 4166; baseline -0.003 -26"><span class='ocrx_word' id='word_1_184' title='bbox 356 4069 562 4165; x_wconf 82' lang='lat' dir='ltr'><strong>Hippolyte,</strong></span> <span class='ocrx_word' id='word_1_185' title='bbox 573 4073 644 4164; x_wconf 79' lang='lat' dir='ltr'><strong>jem</strong></span> <span class='ocrx_word' id='word_1_186' title='bbox 664 4070 787 4143; x_wconf 82' lang='lat' dir='ltr'><strong>blanda</strong></span> <span class='ocrx_word' id='word_1_187' title='bbox 806 4097 926 4166; x_wconf 82' lang='lat' dir='ltr'><strong>genas,</strong></span> <span class='ocrx_word' id='word_1_188' title='bbox 939 4073 1142 4166; x_wconf 79' lang='lat' dir='ltr'><strong>&#39;patiensque</strong></span> <span class='ocrx_word' id='word_1_189' title='bbox 1162 4071 1273 4139; x_wconf 81' lang='lat' dir='ltr'><strong>mariti</strong></span> 
     </span>
    </p>
   </div>
   <div class='ocr_carea' id='block_1_3' title="bbox 0 0 1552 5140">
    <p class='ocr_par' dir='ltr' id='par_1_13' title="bbox 0 0 1552 5140">
     <span class='ocr_line' id='line_1_32' title="bbox 0 0 1552 5140; baseline 0 0"><span class='ocrx_word' id='word_1_190' title='bbox 0 0 1552 5140; x_wconf 95' lang='lat' dir='ltr'><strong> </strong></span> 
     </span>
    </p>
   </div>
  </div>
 </body>
</html>
