3156 5138
134 515 169 578 tv·
182 516 238 582 η.)
458 491 651 572 smvsnuu
670 513 779 570 amna
800 515 849 570 nr.
1145 531 1179 585 rr

135 643 210 712 Nec
226 637 404 734 querenda
422 637 481 709 diu
498 666 507 708 ε
527 638 631 736 modo
644 663 721 709 nam
736 654 829 708 trans
845 663 978 733 aequora
994 644 1092 711 terris

138 762 252 829 Prima
268 759 465 829 Dicarcheis
480 758 640 828 Pharium
655 758 764 854 gravis
785 757 899 830 intulit
915 783 1059 829 uinum:

136 879 253 949 Prima
270 875 426 948 salutavit
442 880 602 972 Capreas,
626 893 660 947 et
675 879 827 972 margine
847 878 965 954 dextro

138 997 271 1092 Sparsit
289 996 469 1091 Tyrrhenae
484 999 670 1068 Mareotica
684 999 763 1067 vina
782 1000 953 1071 nunervae.

140 1117 253 1210 Hujus
268 1131 450 1218 utrumque
467 1114 556 1214 latus¹
568 1115 662 1187 nmlli
681 1119 872 1215 precingite
890 1143 988 1214 gyro;

139 1237 344 1332 Partitaeque
359 1237 463 1326 vices,
476 1261 534 1306 vos
549 1251 688 1332 stuppea
706 1237 834 1308 tendite
853 1237 933 1335 mali

139 1353 303 1445 Vincula,
324 1378 384 1426 vos
404 1357 543 1426 summis
552 1358 726 1432 ,annectite
743 1381 889 1453 suppara
908 1356 1005 1446 velis,

140 1479 214 1546 Vos
230 1475 390 1570 Zephyris
409 1475 536 1571 aperite
553 1475 645 1546 sinus
662 1501 763 1570 :pars
780 1491 925 1546 transtra
942 1493 1097 1573 reponat,

140 1597 225 1663 Pars
238 1593 392 1665 demittat
407 1595 502 1688 aquis
517 1619 628 1666 curve
643 1595 872 1666 moderamina
887 1599 1021 1692 puppis.

144 1715 221 1783 Sint
237 1714 360 1808 quibus
374 1713 526 1809 exploret
545 1739 645 1810 rupes
661 1717 770 1816 gravis
783 1732 855 1786 arte
871 1716 1055 1813 molybdis,

143 1836 297 1927 Quaque
309 1848 498 1904 secuturam
511 1832 654 1931 religent
668 1851 746 1930 post
759 1850 852 1931 terga
868 1835 1044 1931 phaselon,

144 1957 310 2048 Uncaque
327 1955 505 2024 submersae
524 1955 656 2050 penitus
671 1954 856 2026 retinacula
871 1955 1005 2026 vellant.

145 2075 326 2167 Temperet
345 2071 416 2146 lucc
433 2087 546 2162 aestus,
564 2071 767 2168 pelagusque
785 2073 923 2174 inclinet
942 2075 985 2144 ad
1003 2089 1119 2145 ortus:

146 2191 272 2262 Officio
288 2204 398 2261 careat
414 2190 607 2287 glaucarum
623 2191 717 2262 nulla
734 2217 897 2263 sororum.

196 2339 215 2376 α
225 2311 311 2382 Huic
321 2309 428 2382 multo
437 2316 592 2399 Proteus,
607 2313 903 2414 geminoquehuic
918 2337 1059 2409 corpore
1070 2316 1189 2386 Triton
1213 2301 1224 2320 ’

147 2433 327 2518 Praenatet3
343 2445 379 2500 et
393 2431 512 2502 subitis
527 2432 586 2525 qui
603 2431 748 2526 perdidit
763 2433 904 2528 inguina
919 2435 1078 2504 monstris

148 2549 317 2641 Glaucus,
337 2550 448 2621 adhuc
468 2553 597 2646 quoties
613 2553 730 2647 patriis
746 2550 905 2652 allabitur
922 2556 989 2640 oris

148 2670 320 2740 Litorcam
334 2667 457 2740 blanda
476 2669 597 2740 feriens
612 2671 813 2742 Anthedona
824 2673 940 2744 cauda.

199 2792 274 2860 «Tu
287 2803 398 2861 tamen
414 2803 491 2861 ante
506 2767 637 2880 omues,-
647 2790 731 2892 diva
747 2816 825 2862 cum
841 2808 948 2863 matre
962 2779 1147 2883 Palaemon‘,

150 2911 285 2998 annue,
303 2909 330 2978 si
343 2924 468 2988 vestras
484 2933 580 2980 amor
597 2923 647 2979 est
663 2911 746 2981 mihi
762 2912 909 3006 paudere
926 2913 1072 3002 Thebas,

151 3031 225 3100 Nec
243 3053 327 3140 pano
346 3029 504 3126 degeneri
524 3030 706 3100 Phoeheum
723 3031 917 3127 Amphiona
932 3032 1072 3127 plectro.

200 3150 270 3218 «Et
281 3164 390 3242 pater,
410 3148 516 3219 AEolio
531 3149 656 3246 frangit
673 3153 732 3246 qui
743 3176 874 3223 carcere
889 3169 1021 3244 ventos,

152 3267 219 3338 Cui
233 3268 318 3338 varii
336 3267 450 3358 flatus,
466 3271 641 3364 omnisque
661 3295 721 3366 per
738 3297 871 3372 aequora
891 3277 989 3368 ponti

151 3387 317 3486 Spiritus,
331 3389 571 3483 atquehiemes
587 3389 809 3492 nimbosaque
821 3390 937 3463 nubila
955 3410 1089 3489 parent,

151 3508 287 3578 Aietius
302 3508 434 3604 objecto
447 3513 591 3600 Borean,
604 3514 816 3606 Eurumque,
833 3515 1027 3609 Notumque

152 3627 272 3697 Monte
289 3642 420 3722 premat
436 3655 445 3698 :
462 3627 524 3734 soli
542 3629 696 3727 Zephyro
714 3633 759 3702 sit
774 3633 870 3726 copia
886 3633 980 3724 coeli,

153 3742 252 3816 Solus
270 3761 512 3844 agatpuppes3
530 3773 742 3845 summasque
760 3759 954 3850 supernatet
968 3754 1074 3826 undas

153 3864 316 3936 Assiduus
331 3866 465 3964 pelag03
481 3869 589 3939 donec
605 3883 678 3958 tua,
695 3871 832 3940 turbine
849 3871 957 3961 nullo,
983 3939 984 3942 ,

155 3987 252 4054 Laeta
266 3967 457 4058 Peretnniis
471 3989 768 4084 assignetcarbasa
788 3991 881 4087 ripis.
896 4021 912 4056 s

203 4105 371 4196 Audimur
388 4133 396 4176 :
416 4123 513 4180 vocat
531 4109 602 4204 ipse
617 4125 738 4203 retem,
755 4117 939 4208 uanusque
958 4129 1125 4184 morantes
