3156 5138
133 503 175 562 (v.
188 503 259 565 aot.)
465 499 658 556 SILVARUM
679 499 798 556 LIBER
810 499 861 556 ΙΙΙ.

49 602 73 668 'l'-
130 629 188 696 'l'e
206 623 349 695 similem
367 624 472 694 doctae
490 624 609 694 referet
627 625 708 693 mihi
727 622 815 693 linea
833 647 915 693 cerae
935 651 942 692 :

12 749 59 791 ar
131 747 360 836 Numeebur,
379 759 413 814 et
431 743 561 814 firlvum
578 743 691 814 vultus
710 743 895 813 imitabitur
912 768 1042 814 eurum.

29 853 51 880 ⁵
130 867 224 938 Inde
242 869 332 938 viam
349 891 502 952 morum,
521 863 694 960 longaeque
711 866 864 934 examina
881 866 976 954 vitae,

36 999 64 1066 l*
131 989 338 1083 Affatusque
355 988 445 1083 pios,
462 987 696 1080 monituraque
714 985 842 1054 somnia
861 1009 1007 1080 poscam.
1019 1014 1036 1049 s>

186 1107 284 1179 Talia
301 1106 465 1177 dicentem
483 1106 614 1201 genitor
632 1104 806 1176 dulcedine
825 1105 899 1176 laeta

13 1223 36 1232 ,‚
132 1227 268 1313 Audit,
285 1243 319 1298 et
337 1228 480 1296 immites
499 1225 588 1296 lente
607 1224 777 1330 deseendit¹
793 1224 835 1296 ad
853 1225 1006 1306 umbras,

27 1341 56 1413 ui
133 1349 319 1443 Verbaque
335 1346 463 1417 dilecta
480 1346 544 1417 fert
561 1362 756 1418 narraturus
771 1352 928 1418 Etruseoe.
947 1361 948 1366 ’

35 1550 40 1562 ι
189 1467 289 1540 Salve
307 1492 521 1563 supremum,
541 1468 651 1540 senior
668 1469 840 1538 mitissime
859 1481 1016 1563 patrum,

10 1619 53 1658 a·
134 1573 409 1685 Supremumque
427 1587 500 1658 vale
519 1614 527 1657 ε
547 1588 605 1684 qui
624 1614 815 1683 nunquam,
834 1591 958 1684 sospite
976 1604 1073 1678 nato,

134 1712 248 1782 Triste
267 1711 394 1799 Chaos,
413 1709 586 1804 moestique
604 1710 685 1778 situs
703 1711 828 1803 patiere
847 1708 999 1805 sepulcri.

9 1865 49 1934 qe
135 1835 281 1925 Semper
297 1830 444 1901 odoratis
461 1829 635 1924 spirabunt
653 1830 796 1914 floribus¹
809 1855 895 1917 arae,

9 1968 14 1977 '
135 1954 279 2045 Semper
297 1964 330 2020 et
348 1951 500 2044 Assyrios
517 1948 595 2020 felix
613 1949 706 2019 bibet
724 1975 809 2020 urna
828 1949 990 2045 liquores,

8 2087 29 2162 ,Δ
133 2073 180 2139 Et
201 2066 362 2164 lacrymas
370 2123 386 2158 ,¹
399 2071 457 2164 qui
476 2071 583 2166 major
601 2071 717 2140 honos.
736 2073 801 2140 Hic
820 2095 912 2160 sacra
931 2070 1039 2141 litabit

8 2165 10 2220 s
133 2189 318 2282 Manibus,
337 2191 437 2284 inque
456 2205 512 2261 tua
529 2190 697 2260 tumulum
716 2188 833 2259 tellure
852 2190 984 2292 leva-bit.
1149 2283 1153 2290 .

134 2309 265 2378 Nostra
286 2333 438 2405 quoque,
456 2310 607 2406 exemplo
632 2311 787 2399 meritus,
808 2311 866 2380 tibi
889 2313 1036 2380 carmina
1058 2313 1186 2398 sanxit,

10 2512 15 2530 .
134 2429 213 2497 Hoc
228 2428 328 2497 etiam
346 2413 493 2524 gaudens
512 2431 656 2502 cinerem
675 2428 991 2526 donassesepulcro.
