3080 5136
321 558 361 611 ιιι
384 557 416 610 r.
438 555 469 608 r.
493 547 620 608 sruru
639 549 748 608 rum.
771 549 843 605 ιιι.
864 553 899 603 v.
1051 599 1053 604 ,
1081 547 1137 622 ιο)

78 675 144 731 inec
168 691 228 729 esse
250 671 392 728 videntur.
413 671 471 727 Sed
494 667 627 724 Barthius
647 667 764 741 prefert
786 665 983 738 conjecturam
1003 667 1137 722 Behotii:

79 770 102 817 α’
113 785 159 842 gr.
180 766 304 836 nitente,
324 765 374 821 sed
395 761 515 832 anxia,»
535 771 567 817 nt
592 761 663 835 lieg.
688 779 717 831 ι,
738 759 789 834 qui
808 773 836 816 et
854 760 956 829 habet,
977 761 1059 834 quod
1078 761 1139 817 MS.

79 859 154 914 Beh.
173 857 287 914 omittit.
307 859 341 912 Iu
355 859 410 914 ΜΒ
429 874 484 930 pro
498 856 552 910 sed
562 865 591 910 et
604 853 683 910 varia
697 854 762 908 lect.
780 853 866 909 Stant
883 851 1039 908 videbatur
1052 854 1139 910 cerni.

81 952 184 1021 idem,
198 966 225 1007 v.
241 948 315 1021 325,
331 951 476 1005 Exanime
488 948 636 1021 imperium
648 963 704 1021 pro
721 962 876 1021 exsangue.

128 1049 266 1101 Anneata
288 1054 442 1120 quenmacr
458 1041 496 1117 (v.
516 1037 596 1118 334).
614 1039 687 1096 eod.
710 1039 812 1096 Musei
834 1037 921 1111 urii,
935 1059 995 1097 saee.
1011 1059 1072 1112 ιιι,
1093 1058 1138 1113 ap.

79 1136 255 1196 Wakefield.
268 1139 449 1205 adhaeret„
465 1153 509 1204 ιι,
528 1134 586 1192 360
601 1153 608 1189 =
623 1153 669 1190 «a.
686 1133 848 1208 requirunt.
860 1157 873 1184 υ

128 1231 207 1286 Subit
225 1229 341 1304 hospita
358 1229 446 1304 panti
464 1226 502 1302 (v.
524 1223 603 1304 336).
628 1227 760 1282 «Omnes
781 1226 915 1282 meliores
935 1225 1001 1281 libri
1030 1226 1140 1281 habeut

79 1323 159 1376 ostia
167 1320 266 1396 panti,
283 1322 364 1396 quod
377 1321 447 1376 mihi
460 1321 563 1394 placet.
572 1343 585 1370 ι»
602 1319 713 1374 Birra.
726 1349 767 1361 —
780 1319 854 1376 Sene
866 1319 922 1374 hoe
943 1318 1061 1374 futilius.
1083 1317 1140 1374 Sed

75 1416 140 1486 jam
159 1415 323 1470 Lactantius
339 1416 447 1490 legerat
461 1414 606 1487 «Hospita
621 1433 631 1466 :
645 1411 728 1487 quasi
747 1411 849 1486 prima.
867 1436 879 1460 u
895 1414 929 1467 ln
943 1431 969 1466 v.
991 1411 1048 1486 339
1062 1415 1139 1467 ΜΒε
1246 1457 1250 1465 .

78 1507 255 1564 descendere
267 1519 398 1563 montem.

128 1601 241 1676 quue
250 1601 374 1674 primum
391 1597 512 1672 Cyaneis
530 1609 643 1654 arctata
657 1598 744 1653 vadit⁸
762 1595 800 1675 (v.
817 1598 875 1665 346
895 1595 959 1674 ις.)
977 1599 1033 1652 Per
1051 1598 1139 1672 Sym*

78 1692 226 1765 plegades.
245 1691 302 1748 Sed
318 1692 443 1765 pninum
463 1687 548 1745 nimis
566 1689 719 1763 pedestre,
744 1707 835 1764 quum
857 1689 1018 1746 audiendae
1037 1691 1139 1745 Mark-

79 1784 201 1855 iandus,
229 1787 271 1840 ad
293 1786 358 1840 Sto.
381 1803 410 1854 v,
435 1783 466 1853 3,
495 1781 567 1852 ι38,
595 1801 740 1856 reponens
759 1801 865 1858 oraque
885 1801 991 1856 rom,
1013 1794 1047 1838 ut
1067 1786 1140 1842 attia

71 1879 182 1954 ponti,
197 1898 242 1948 rr,
257 1878 324 1934 328.
336 1879 445 1932 Verum
459 1876 489 1931 in
504 1895 583 1950 seqq.
600 1896 607 1930 :
622 1901 635 1926 α
646 1877 707 1933 Nos
724 1877 848 1933 Thracia
861 1876 925 1931 visu
944 1878 1021 1933 Bella
1035 1888 1117 1944 rata,
1127 1901 1140 1927 ι

78 1971 165 2044 qnod
179 1971 261 2027 MSS.
281 1969 391 2025 Heinsii
410 1969 446 2024 ad
465 1969 550 2026 Ovid.
567 1970 654 2038 Met,
672 1987 735 2040 ιιιι,
752 1968 788 2026 25
807 1970 1137 2044 praehent,1›elaratoe‚

78 2063 278 2134 rejiciendum.

123 2158 245 2232 Jamque
256 2159 379 2212 aderam
392 2167 475 2210 ιρι-ιω
488 2152 526 2230 (v.
543 2153 620 2232 ³61).
636 2155 729 2213 codd.
744 2175 849 2233 magno
863 2175 1001 2226 nurnero,
1020 2157 1050 2212 in
1068 2156 1137 2231 qui-

78 2251 138 2304 bus
157 2249 303 2305 Barthiani
318 2259 346 2304 et
366 2249 432 2317 ΡΒ,
453 2242 512 2302 sine
528 2245 618 2301 dnbio
636 2265 738 2303 verum
755 2250 914 2306 exhibent:
937 2245 1060 2304 aberant
1076 2260 1137 2303 ter-

79 2343 130 2396 ris.
145 2341 228 2397 Idem
243 2359 280 2396 ex
295 2339 445 2396 scholiasta
460 2339 584 2395 restituit
598 2339 767 2397 Wakefield.
788 2344 831 2397 ad
839 2345 961 2408 lacten,
977 2359 1017 2410 w,
1039 2348 1074 2407 4ι
1083 2359 1108 2396 ι.

123 2433 216 2488 Arbor
236 2430 274 2509 (v.
300 2430 378 2509 374).
401 2434 452 2487 Est
471 2432 562 2487 maius
587 2431 676 2488 navis.
699 2435 784 2506 Post,
802 2455 829 2489 v.
852 2433 920 2506 377,
942 2433 1045 2507 optimi
1070 2433 1138 2489 libri

79 2528 172 2581 Gran.
188 2535 217 2582 et
231 2527 300 2601 Reg.
324 2543 335 2580 1
354 2545 361 2580 ι
376 2528 524 2581 «Austros.
534 2549 547 2573 ι

124 2619 176 2675 ttu'
187 2621 296 2693 quippe
307 2621 394 2674 amul
407 2615 445 2696 (v.
463 2615 540 2692 38ι).
563 2621 597 2672 in
615 2618 672 2674 hoe
688 2635 774 2675 versu
788 2621 928 2677 lectorum
947 2620 1071 2695 quisque
1087 2622 1136 2677 oi-

80 2699 195 2781 fendei,
210 2710 293 2786 quod
306 2709 478 2767 narrationis
492 2721 622 2766 tenorem
636 2710 720 2768 nimie
734 2712 824 2769 debili
836 2713 1032 2770 additamento
1046 2713 1138 2770 inter-

78 2803 198 2877 rumpit.
218 2807 260 2860 Ac
274 2822 341 2860 vere
358 2803 439 2860 deest
451 2803 481 2860 in
501 2802 618 2880 egregio
639 2803 689 2860 illo
705 2805 770 2861 ΜΒ.

122 2895 162 2950 Et
175 2898 265 2951 multa
280 2897 411 2951 martum
427 2897 536 2951 missile
540 2896 671 2968 flamma
684 2893 724 2972 (v.
742 2894 822 2974 387).
841 2897 957 2971 Optime
974 2901 1030 2954 ΜΒ
1046 2919 1053 2953 :
1076 2923 1090 2951 ι
1100 2901 1138 2956 Et

79 2989 174 3043 mitta
193 3007 250 3060 cn,
269 2999 322 3045 ete.
341 3013 353 3040 υ
373 2987 447 3044 Inde
461 2987 499 3044 tie
512 3005 540 3044 v.
560 2987 618 3063 389
633 3009 640 3043 ι
655 3013 669 3039 ι
684 2989 828 3061 abjunctis
840 3001 992 3066 regemunt
1008 2992 1136 3048 tabulata

79 3079 246 3152 curemini»
261 3093 342 3137 recto
354 3079 469 3153 judicio
482 3081 615 3138 Barthius
629 3101 637 3136 ε
652 3083 708 3138 «In
727 3085 784 3138 ΜΒ
799 3101 807 3137 z
826 3084 942 3138 stabula
955 3087 1020 3141 alta
1034 3094 1063 3140 et
1078 3085 1136 3142 aiio

78 3174 240 3230 stabulata.
271 3174 397 3231 Omnino
420 3185 515 3230 autem
535 3176 650 3230 stabula
671 3178 734 3232 alta
752 3174 941 3249 Papinianum
962 3189 1013 3234 est.
1036 3179 1135 3233 Tabu-

78 3269 144 3320 lata
158 3266 233 3324 enim
248 3266 343 3324 minus
357 3267 457 3324 dicunt
470 3285 559 3342 quam
572 3285 627 3342 pro
637 3287 668 3326 re
680 3270 827 3344 prasenti,
842 3279 870 3325 et
881 3270 939 3341 jam
955 3271 1041 3343 dixit,
1054 3271 1136 3346 quod

77 3357 216 3414 tabulatis
234 3359 431 3417 conveniebat.
447 3359 593 3417 Stabulum
607 3371 650 3418 est
663 3377 748 3418 omne
768 3361 953 3418 domicilium.
969 3387 982 3414 ι»

121 3451 237 3524 ΙρΙιὶτοιι
259 3472 269 3506 .·
289 3455 409 3509 attonita
436 3452 538 3526 manif
563 3451 603 3533 (r.
627 3452 706 3530 400).
730 3453 922 3510 Probabilitet·
941 3455 1134 3512 Gronovius:

77 3569 90 3590 a
105 3543 221 3616 iphiton
236 3547 367 3601 attonita
374 3565 386 3614 ;
400 3545 555 3616 manifest,
569 3557 623 3603 etc.
634 3571 647 3598 ι

120 3632 187 3691 lam
200 3637 302 3710 stante
323 3641 419 3694 sereni
437 3634 475 3715 (r.
498 3638 575 3717 4ι4).
594 3639 699 3697 Meiius
717 3639 771 3696 ΜΒ
792 3661 800 3697 :
822 3657 930 3697 serena.
957 3641 1023 3716 Seq.
1049 3658 1135 3696 versu

77 3728 223 3785 Bentleius
241 3728 281 3785 ad
301 3731 419 3800 Horat,
435 3735 496 3787 Art.
508 3744 602 3805 paee,
625 3751 679 3808 ¹97
696 3753 704 3788 ε
724 3736 902 3809 «Postquam
922 3746 1017 3789 tumor
1032 3733 1134 3808 iraque

77 3821 192 3877 cessit..

122 3913 256 3992 titiamys
270 3917 353 3974 ardet
366 3929 396 3974 et
407 3919 453 3976 itti
464 3916 503 3996 (v.
516 3915 595 3998 438).
612 3920 784 3995 «Splendet.
800 3922 896 3998 Virg„
907 3927 988 3990 En,
1000 3941 1041 3992 ιι,
1055 3917 1132 3976 262:

205 4154 211 4166 .
227 4155 254 4168 ..
270 4117 413 4185 ,Tyrioque
428 4117 529 4170 ardebit
545 4119 637 4172 murice
650 4119 718 4171 iant.
731 4143 742 4165 n

684 4209 756 4256 Liar.
