3156 5138
145 506 173 554 l'⁴
188 497 241 558 ῃ-)
467 492 662 584 SIbellUM
683 493 793 550 LlBEll
814 495 865 549 111.

147 623 214 689 Aut
232 621 482 714 septemgemini
501 634 602 714 caput
618 618 708 688 haud
727 617 929 713 penetrabile
947 618 1015 690 Nili
1027 609 1041 694 ,¹

148 743 324 809 Hortarere
342 741 413 808 vias
433 741 584 809 :etenim
603 753 659 809 tna
679 739 821 836 (nempe
839 738 981 834 benigna

147 861 260 948 Quam
280 860 362 930 mihi
384 873 478 940 sorte¹
489 863 605 930 Venus
620 861 770 953 junctam
790 855 987 928 florentibus
1004 859 1101 928 annis

146 983 263 1050 Servet
280 993 314 1048 et
331 982 366 1049 in
384 978 558 1076 senium),
577 994 635 1048 tua
654 980 750 1074 (quae
767 1003 820 1048 me
838 977 975 1048 vulnere
992 978 1104 1072 primo

146 1103 316 1169 intactum
335 1099 509 1186 thalamis,
529 1115 563 1169 et
576 1099 685 1169 adhuc
700 1098 849 1193 juvenile
864 1112 1039 1194 vagantem

149 1219 311 1314 Finisti),
330 1235 387 1289 tua
404 1219 499 1289 frena
517 1217 644 1306 libens,
661 1216 845 1314 docilisque
863 1219 991 1312 recepi;

146 1343 190 1409 Et
209 1337 310 1408 semel
331 1339 472 1409 insertas
491 1362 560 1407 non
577 1353 769 1408 mutaturus
787 1339 933 1408 habenas

147 1463 266 1552 Usque
282 1483 409 1554 premo.
429 1463 495 1530 Ter
510 1483 564 1528 me
583 1459 699 1528 nitidis
717 1457 847 1530 Albana
864 1457 1027 1528 ferentem

146 1583 246 1650 Dona
266 1579 391 1667 comis,
411 1594 593 1674 sanctoque
612 1579 770 1650 indutum
786 1579 926 1650 Casaris
943 1601 1025 1646 auro

147 1698 341 1766 Visceribus
354 1698 527 1794 complexa
544 1699 627 1787 tuis3
649 1700 811 1794 sertisque
827 1699 949 1770 dedisti
1109 1675 1112 1682 .

148 1816 277 1887 Oscula
296 1817 415 1888 anhela
432 1820 515 1888 meis
537 1843 545 1888 t
565 1833 623 1908 tu,
643 1844 747 1912 quum
764 1818 930 1914 Capitolia
947 1833 1069 1891 nostrae

147 1939 301 2007 inficiata
318 1935 417 2032 lyrae,
434 1961 557 2008 aarum
574 1940 811 2035 ingratumque
829 1938 964 2010 dolebas
1087 1983 1089 1988 ,

147 2061 286 2127 Mecum
302 2058 391 2127 victa
407 2061 522 2128 Jovem
542 2085 550 2127 ε
573 2074 610 2128 tu
628 2060 860 2154 procurrentia
878 2060 995 2153 primis

148 2179 309 2247 Carmina
327 2192 441 2247 nostra
458 2179 568 2268 sonis,
587 2193 761 2272 motasque
782 2179 816 2246 in
837 2167 1010 2250 murmura
1027 2203 1125 2248 voces

149 2301 241 2367 Aure
261 2297 351 2392 rapis
366 2296 459 2394 vigili
478 2323 487 2366 :
504 2295 596 2394 longi
612 2314 648 2368 tu
666 2297 736 2368 sola
754 2296 878 2368 laboris

150 2417 314 2500 Conscia,
331 2441 475 2511 cumque
493 2419 559 2487 tuis
574 2419 681 2488 crevit
688 2408 767 2488 brea
782 2417 927 2489 Thebais
944 2421 1051 2489 annis.

199 2533 347 2626 Qualem
363 2551 395 2606 te
411 2561 519 2632 nuper
536 2539 668 2632 Stygias
686 2563 790 2634 prope
807 2553 924 2634 raptus
940 2539 984 2609 ad
1004 2537 1131 2622 undas,

150 2659 268 2746 Quum
281 2643 352 2749 jani
367 2655 517 2726 Ictbaeos
536 2657 686 2726 audirem
705 2659 893 2728 comminus
910 2683 1044 2748 amnes,

150 2777 285 2870 Aspexi,
302 2776 460 2868 tenuique
476 2774 590 2845 oculos
603 2777 674 2870 jam
691 2783 799 2847 morte
815 2776 987 2848 cadentes!

151 2892 287 2963 Scilicet
306 2894 456 2964 exhausti
472 2895 628 2964 Lachesis
648 2897 731 2966 mihi
748 2913 899 2992 tempora
919 2899 979 2967 tati
1001 2878 1005 2888 ¹

151 3015 199 3082 Te
214 3027 345 3081 tantum
359 3013 514 3084 miserata
528 3013 638 3105 dedit,
656 3018 842 3112 Superique
864 3031 1017 3112 potentes

151 3131 317 3204 invidiam
334 3134 475 3203 timuere
491 3147 595 3202 tuam.
612 3137 692 3205 Post
709 3137 791 3225 ista,
809 3141 1038 3233 propinquum

153 3253 255 3322 Nune
290 3255 372 3343 iter,
412 3233 609 3347 optatosque
624 3255 716 3324 sinus
731 3281 843 3325 comes
861 3255 1089 3326 immoraris?

151 3367 247 3438 Heu!
265 3371 322 3449 ubi
341 3385 421 3441 nota
441 3371 544 3460 fides,
562 3387 679 3468 totque
699 3374 870 3469 explorata
886 3401 946 3470 par
962 3399 1063 3464 usus,

151 3490 231 3577 Qua
249 3503 374 3560 veteres
392 3492 525 3577 Iatias,
544 3494 730 3587 Graiaeque
749 3495 911 3566 Heroides
929 3495 1063 3590 aequas?

151 3613 237 3678 Isset
253 3608 296 3678 ad
314 3608 433 3684 Iliacas
450 3611 555 3708 (quid
572 3613 661 3682 enim
679 3614 825 3685 deterret
840 3615 1037 3711 amantesl)

152 3728 317 3823 Penelope
334 3713 446 3824 galina
464 3731 601 3822 domos,
622 3735 650 3802 si
670 3758 786 3828 passus
805 3735 930 3806 Ulixes.

151 3851 280 3939 Questa
296 3864 345 3919 est
362 3849 507 3946 AEgiale,
525 3867 643 3946 questa
661 3868 713 3924 est
727 3854 885 3924 Meliboea
901 3855 1068 3952 relinqui,

80 3953 84 3966 ¹
152 3972 195 4037 Et
212 3993 404 4063 quanquam
422 3971 499 4040 saevi
516 3971 670 4044 lecerunt
685 3974 839 4045 Maenade
856 3973 1019 4071 planctus.

153 4089 224 4158 Nee
246 4090 359 4158 minor
378 4090 431 4158 his
452 4105 488 4160 tu
510 4091 742 4188 maeotidem,
762 4095 959 4191 firmamque
976 4097 1103 4167 maritis

1158 513 1261 568 9³.
