3094 5140
125 499 162 556 (v.
174 493 245 553 tsi.)
445 487 659 546 THEBAIDOS
679 487 792 543 LIBER
810 485 849 542 Χ.
1127 484 1181 556 187

123 621 300 686 venantes
321 611 497 700 Numidae,
510 629 607 683 natos
622 627 734 682 erecta
749 625 916 706 superstat

124 741 247 806 Mente
263 733 327 805 sub
344 737 489 820 incerta,
506 749 643 806 torvum
660 757 699 802 ao
714 730 904 802 miserabile
918 731 1084 804 frendens.

124 855 193 927 Illa
210 855 347 951 quidem
366 855 505 926 turbare
525 853 661 950 globos,
681 869 715 923 et
734 852 887 948 frangere
904 877 1021 923 morsu

124 975 210 1047 Tela
229 990 346 1072 queat,
368 974 427 1046 sed
443 973 548 1070 prolis
567 997 663 1044 amor
679 972 829 1044 crudelia
844 975 952 1044 vincit

125 1103 284 1186 Pectora,
304 1111 340 1167 et
358 1122 378 1168 a
397 1096 507 1168 modia
526 1094 656 1168 catulos
676 1094 907 1191 circumspicit
925 1097 986 1166 ira.

126 1221 176 1290 Et
192 1220 262 1313 jam
279 1216 362 1288 laeva
379 1220 471 1307 vico,
489 1219 644 1313 quamvis
665 1218 781 1288 saevire
798 1231 929 1288 vetaret

125 1339 321 1433 Amphion,
341 1353 455 1433 erepta
474 1361 610 1427 manus,
629 1339 792 1433 puerique
811 1338 994 1408 uehuntur

128 1462 203 1529 Ora
221 1460 341 1554 supina
358 1460 487 1528 comis:
507 1483 602 1528 serus
621 1472 702 1528 tunc
721 1458 866 1552 danique
883 1456 1023 1553 supplex

126 1582 285 1651 Demisso
306 1603 468 1650 mucrone
487 1594 585 1676 rogat
603 1605 611 1648 :
631 1609 648 1645 α
665 1579 893 1668 Moderatius,
915 1603 991 1666 oro,

127 1702 270 1790 Ducite;
290 1699 442 1772 fulminei
459 1725 522 1796 per
539 1725 599 1772 vos
618 1700 787 1772 cunabula
807 1699 946 1788 Bacchi,

128 1823 318 1916 Inoamque
333 1823 469 1916 fingam,
485 1823 654 1917 vestrique
670 1819 870 1892 Palaemonis
886 1845 1002 1892 annos.

130 1943 169 2012 Si
187 1943 244 2011 cui
263 1941 350 2012 sorte
369 1941 461 2012 domi
481 1955 639 2012 natorum
659 1941 799 2038 gaudia,
819 1943 940 2036 siquis

130 2063 197 2134 Hic
215 2077 330 2159 pater,
348 2064 483 2159 angusti
503 2087 610 2158 puero
628 2061 705 2133 date
720 2059 869 2158 pulveris
884 2063 1025 2132 haustus
1033 2113 1046 2152 ,

130 2184 365 2279 Exiguumque
383 2183 491 2256 facem
509 2209 518 2252 :
537 2198 653 2279 rogat,
671 2209 713 2254 en
731 2198 829 2279 rogat
846 2184 916 2278 ipse
933 2183 1071 2277 jacentis

131 2301 258 2374 Vultus
273 2329 282 2374 :
299 2329 363 2400 ego
379 2303 533 2375 infandas
551 2305 665 2400 potior
682 2306 803 2376 satiare
819 2303 984 2376 volucres.

132 2427 193 2494 Me
210 2426 357 2521 praebete
373 2425 454 2496 feris
472 2451 481 2494 :
502 2450 566 2522 ego
585 2424 673 2496 bella
692 2407 938 2522 audere'coegi.
957 2455 975 2492 s

132 2575 151 2610 α
167 2550 298 2635 Immo,
316 2549 366 2617 ait
382 2547 578 2641 Amphion,
595 2571 711 2644 regem
724 2550 752 2620 si
771 2562 866 2620 unta
882 2545 1008 2644 cupido

134 2665 401 2762 Condere,quae
419 2667 547 2738 timidis
557 2666 637 2738 belli
656 2694 770 2755 mens,
787 2667 865 2757 ede,
880 2666 1044 2764 Pelasgis,
1254 2755 1255 2758 Ἴ

134 2785 230 2876 Quid
249 2787 367 2879 fracti,
382 2813 641 2885 ,exsanguesque
659 2805 781 2884 parent
798 2816 807 2860 :
825 2803 948 2860 cuncta
967 2813 1070 2886 ocyus
1090 2788 1188 2877 ell'er,

135 2912 180 2979 Et
194 2910 282 2998 vita,
296 2908 496 3004 tumuloque
513 2909 608 2980 ducis
625 2910 791 2998 donatus,
808 2911 944 2981 abiton

135 3031 297 3118 Horruit,
314 3046 348 3101 et
366 3045 439 3100 toto
456 3029 642 3127 precordia
660 3032 817 3126 protinus
832 3035 937 3102 Arcas

135 3148 296 3245 Implevit
313 3151 446 3247 capulo.
466 3181 483 3218 a
501 3155 723 3223 summumne
739 3153 805 3224 hoc
822 3150 997 3241 cladibus,
1017 3153 1150 3246 inquit,

137 3273 278 3358 Deerat,
297 3286 334 3341 ut
352 3271 494 3342 afflictos
513 3287 686 3368 turparem
705 3258 942 3368 ego'proditor
962 3273 1094 3367 Argos?

137 3387 197 3461 Nil
211 3391 353 3461 emimus
370 3394 470 3481 tanti,
487 3417 551 3464 nec
566 3394 616 3462 sic
632 3391 712 3463 velit
728 3389 798 3488 ipse
817 3393 1001 3464 cremaris

187 3512 243 3581 Sic
260 3512 324 3599 ait,
343 3526 378 3581 et
393 3537 516 3608 magno
533 3514 738 3608 proscissum
754 3512 894 3583 vulnere
911 3527 1029 3609 pectus

137 3631 259 3724 lnjecit
275 3629 399 3725 puero,
419 3657 645 3728 supremaque
662 3657 839 3708 murmura
859 3631 998 3705 volvens
1019 3657 1027 3702 :

137 3781 154 3815 r
173 3755 246 3821 Hoc
264 3766 377 3822 tamen
394 3754 524 3826 interea
540 3779 621 3828 caro
641 3757 771 3854 potiere
792 3753 956 3849 sepulcro.
978 3785 994 3820 n

137 3871 234 3942 Tales
253 3876 379 3969 optatis
396 3897 517 3971 regum
542 3876 578 3944 in
599 3875 831 3972 complexibus
851 3876 973 3962 ambo,

137 3994 205 4061 Par
223 3994 354 4090 insigne
367 3996 501 4081 animis,
520 3996 649 4068 AEtolus
662 4011 696 4066 et
713 3996 857 4092 inclytus
874 4001 996 4082 Arcas,

137 4115 298 4210 Egregius
310 4113 425 4186 efflant
441 4118 590 4207 animas,
607 4101 742 4212 letoque
758 4118 927 4190 fruuntur.
