3200 5142
401 513 443 568 ΙΝ
462 515 492 568 Ρ.
514 514 544 567 Ρ.
567 511 695 566 STlel
717 511 812 566 sluv.
827 511 903 566 ‚tht
923 511 958 564 ll.

262 633 367 680 blunera
380 645 456 696 quum
465 637 544 696 posset
557 626 665 678 nondum
678 627 766 677 sentire
778 627 886 693 patroni,

296 713 397 766 Glaucia
405 713 508 766 libertus
517 729 568 779 μοι
580 709 690 762 Melioris
702 719 762 762 crat.

260 798 373 850 nocuo
383 781 433 848 loc
441 797 571 864 comaque
584 796 677 847 oum.
689 793 751 861 Quo
761 793 873 846 bruno
882 795 940 848 ιιιοι

297 885 348 933 Aut
361 882 415 949 quis
425 881 557 948 Apollineo
568 879 692 948 pulchrior
706 895 747 930 οιο
758 878 822 930 luit?

259 965 396 1016 Inmodicis
407 964 487 1016 brevis
500 973 536 1015 est
549 973 605 1015 ctas
618 973 643 1015 et
655 979 710 1014 reru
720 971 828 1014 senectus
842 980 849 1013 :

297 1049 424 1118 Quidquid
435 1065 514 1110 omas,
525 1047 607 1118 cupias
617 1065 668 1099 ιιοιι
679 1048 795 1116 placuisse
804 1047 885 1100 nimis.

146 1236 186 1291 Et
201 1231 379 1308 epitaphium
393 1252 401 1286 :

314 1421 424 1472 libertus
436 1419 545 1472 Melioris
556 1419 596 1470 illc
607 1430 690 1480 nctus,

313 1509 376 1556 'l'otc
388 1503 432 1572 qui
445 1503 531 1554 occidit
542 1503 639 1554 dolente
649 1508 741 1564 Roma,

311 1589 368 1642 Cari
380 1587 473 1641 delicia
486 1587 572 1640 breves
583 1586 693 1655 patroni,

311 1677 365 1724 Hoc
374 1673 420 1724 sub
430 1688 549 1724 marmore
561 1672 674 1723 Glaucias
681 1671 793 1722 humatus

313 1761 403 1808 iuncto
411 1755 535 1808 Flaminia
544 1756 611 1824 jacet
618 1756 727 1823 sepulcro
739 1772 746 1806 :

313 1843 396 1892 (lutor
404 1840 525 1902 motibtu,
536 1840 654 1912 iuucccns
666 1839 773 1906 pudore,

313 1925 392 1976 Velox
405 1924 515 1991 iugenio,
527 1924 615 1990 decore
625 1922 692 1976 ielis.

313 2009 353 2058 llis
363 2008 427 2060 suis
436 2008 509 2060 modo
518 2007 635 2060 messibus
645 2007 749 2076 peractis

313 2093 362 2143 Vir
371 2109 447 2144 uuum
460 2109 522 2160 puer
529 2091 667 2162 applicabat
679 2107 778 2144 aunum.

313 2176 363 2242 Qui
376 2175 420 2228 llcc
432 2177 501 2238 talia,
511 2175 546 2228 uil
559 2175 629 2239 ssacs,
640 2177 725 2228 viator.

197 2359 291 2414 Verba
308 2358 452 2414 medentia
469 2357 555 2414 soevis
572 2356 694 2431 θοιιήιιο
707 2355 747 2436 (ι.
763 2355 806 2436 5).
820 2355 1031 2430 Wakefieldus,
1043 2357 1108 2416 Sitv.
1118 2361 1203 2428 ml„

149 2470 178 2506 ι.
193 2468 222 2522 ι,
231 2469 262 2528 p.
276 2449 331 2508 108
342 2449 525 2507 :accedentia
537 2450 624 2507 levus
634 2451 773 2508 consero»
788 2448 982 2529 (postremum
994 2450 1105 2509 in'coci.
1118 2451 1205 2532 Pan).

195 2544 414 2619 Plorantemque
432 2543 563 2600 animam
576 2540 615 2623 (v.
637 2543 696 2623 aa).
710 2547 751 2602 Ut
764 2563 870 2620 corpus
888 2556 954 2602 aute
966 2545 1076 2620 justum
1092 2556 1205 2622 tempus

150 2635 317 2711 relinquere
331 2646 468 2694 coactam.
484 2636 527 2694 Cl'.
542 2639 664 2694 Μιιιι.

192 2730 228 2786 V.
248 2746 285 2801 ²7
304 2749 347 2808 sq.
369 2729 473 2786 Melius
489 2731 550 2786 baec
563 2730 737 2788 exhibentur
749 2730 779 2789 iu
793 2731 858 2788 cod.
872 2730 995 2807 nhedig.
1010 2751 1017 2786 :
1033 2731 1115 2789 alni.
1128 2743 1207 2790 vates

150 2839 238 2880 versa
255 2839 320 2879 mea
332 2831 407 2899 pect.
421 2834 518 2880 tecum
530 2825 639 2898 Plaugc
652 2825 752 2900 lyra.

194 2929 360 3006 Impliciti
351 2925 390 2986 lv.
410 2926 473 3008 46)
488 2929 555 2986 Scil.
571 2929 750 3004 amplexibus
764 2931 825 2987 tibi.

193 3022 378 3098 letataque...
396 3021 530 3078 barbov
499 3018 539 3099 (v.
555 3019 614 3101 53).
628 3024 698 3079 Non
711 3034 754 3080 est
766 3023 850 3080 valde
864 3033 977 3097 optatu,
991 3023 1042 3080 sed
1054 3041 1108 3098 per
1120 3041 1207 3099 quam

151 3127 207 3184 etsi
228 3127 356 3186 futuram
375 3145 449 3204 soepc
460 3128 609 3202 juraverat
621 3129 769 3202 Glaucias,
787 3129 909 3187 inbono
923 3129 983 3186 sere
999 3130 1142 3187 modum·
1164 3133 1208 3188 lta

151 3220 302 3298 contingat
314 3219 385 3278 milri
398 3219 454 3279 flos
463 3239 620 3299 genamm3
635 3221 675 3279 ita
686 3222 759 3280 mibi
771 3224 850 3280 salvo
862 3224 984 3280 barbam
994 3241 1106 3297 poucrc
1114 3223 1206 3281 liccat.

152 3315 222 3370 Hac
235 3325 278 3371 est
290 3314 445 3390 explicatio
460 3315 617 3386 Gronovii,
635 3335 664 3392 q.
678 3335 707 3373 ι.
721 3335 746 3373 ο.
760 3335 842 3388 mr,
855 3336 886 3392 p.
901 3317 939 3392 95
954 3335 1018 3391 sqq.
1034 3314 1102 3384 toi.

195 3407 257 3464 Nec
264 3420 290 3464 tc
297 3407 458 3464 bartam
464 3409 599 3466 versabat
605 3410 686 3466 uerbo
698 3408 863 3489 cotastoe(v.
875 3406 933 3489 7²)·
940 3409 1124 3485 Optimehoec
1131 3408 1207 3467 idem

150 3499 278 3558 restituit
291 3511 320 3557 ct
333 3497 485 3576 explicuit,
494 3521 497 3528 ’
506 3520 571 3576 cap.
585 3521 651 3576 m,
663 3522 693 3579 p.
709 3502 748 3563 85
767 3521 830 3579 sqq.
845 3522 853 3559 ι
868 3527 881 3554 a
897 3500 1042 3577 Mancipia
1054 3502 1165 3561 venalia
1177 3503 1209 3560 iu

150 3603 260 3651 catasta
280 3596 327 3651 vel
350 3593 417 3651 loro
439 3594 562 3667 interca,
576 3595 647 3653 dum
667 3595 844 3672 preconium
857 3593 1004 3667 fiebat,‘in
1026 3597 1128 3653 orbem
1140 3594 1218 3668 ire,x

150 3703 287 3757 currere,
306 3687 411 3756 saltare
428 3707 640 3764 nonnunquam
666 3691 845 3767 cogebantur
862 3708 870 3746 ε
885 3707 946 3746 non
965 3699 1024 3745 tam
1041 3699 1075 3745 ut
1094 3708 1208 3766 cogno-

152 3789 302 3836 scerentur
307 3777 449 3856 ,quinam
463 3790 557 3838 essem
569 3783 683 3840 amalos
692 3801 804 3858 ,quam
817 3793 851 3838 ut
863 3782 1007 3840 adstantes
1021 3792 1049 3839 ct
1064 3793 1209 3864 aptot-cs

151 3870 315 3930 accuratius
326 3871 368 3930 ita
380 3874 601 3949 specularentur
613 3893 752 3952 corpora,
766 3875 866 3951 illique
879 3875 1028 3933 sanitatem
1040 3893 1120 3933 suam
1132 3894 1208 3984 prp-

151 3964 277 4022 hamt·
290 3983 349 4041 qun
362 3965 400 4024 dc
413 3985 499 4026 causa
512 3978 542 4026 et
549 3967 735 4025 nudabantur
748 3979 777 4024 et
790 3967 1052 4026 connectebantur
1065 3967 1174 4026 Earn
1149 3987 1208 4026 οιι-

152 4056 362 4116 cumacticncm
382 4077 531 4118 cervom
542 4061 664 4135 pulchre
678 4062 817 4119 turbinem
835 4073 956 4123 catastoe
968 4060 1091 4119 vocavit.
1097 4049 1185 4134 Qui
1177 4079 1207 4116 ιιι

151 4147 305 4206 circuitum
327 4164 398 4210 cnut
418 4157 465 4212 vcl
479 4163 617 4227 currunt,
631 4154 733 4214 orbem
752 4153 930 4214 saltatorium
950 4165 1077 4227 runaut,
1097 4153 1208 4210 turbine
