3156 5138
408 559 460 618 art
761 551 793 605 Ρ.
815 550 942 606 PUBLII
963 549 1086 607 suam
1353 553 1385 616 (v.
1398 559 1448 625 Sc.)

404 675 605 764 Quaerimus.
624 677 676 764 En
693 689 826 768 egomet
841 698 1014 762 somnum,
1033 687 1065 742 et
1079 673 1209 769 geniale
1225 691 1357 747 secutus

400 800 519 882 Litus,
538 794 596 863 ubi
618 796 770 866 Ausonio
790 820 825 864 se
843 793 993 863 condidit
1012 795 1144 889 hospita
1161 812 1262 890 portu

401 917 633 1012 Parthenope,
650 929 767 984 tenues
784 915 905 1010 ignavo
922 913 1043 1009 pollice
1057 915 1200 986 chordas

402 1034 523 1123 Pulso,
540 1037 761 1129 Maroneique
779 1033 896 1104 sedens
914 1036 948 1102 in
964 1036 1116 1130 margine
1132 1013 1248 1131 ternpli

402 1159 506 1226 Sumo
524 1156 695 1243 animum,
713 1169 748 1224 et
764 1154 878 1250 magni
897 1154 1035 1224 tumulis
1052 1155 1195 1225 adcanto
1210 1160 1372 1253 magistri.

448 1279 524 1346 «At
543 1288 600 1364 tu,
618 1277 646 1343 si
664 1274 756 1369 longi
774 1299 909 1345 cursum
930 1274 1023 1344 dabit
1042 1279 1192 1370 Atropos
1210 1279 1292 1365 aevi,

401 1400 535 1489 Detque
552 1419 686 1488 precor,
704 1395 860 1490 Latiique
877 1395 972 1464 ducis
990 1395 1017 1464 si
1035 1397 1174 1465 numina
1193 1411 1353 1492 pergent,

399 1518 512 1606 Quem
531 1515 591 1583 tibi
611 1515 801 1609 posthabito
817 1515 967 1584 studium
983 1529 1034 1584 est
1052 1515 1192 1586 coluisse
1208 1519 1380 1605 Tonante,

400 1637 537 1728 Quique
557 1648 632 1704 tuos
650 1633 717 1704 alio
736 1636 880 1704 subtexit
900 1660 1040 1705 munere
1058 1636 1178 1724 fasces,

398 1759 442 1825 Et
459 1757 564 1851 spatia
584 1757 730 1849 antiquae
747 1754 885 1826 mandat
904 1781 1067 1826 renovare
1085 1757 1232 1846 Latinae,
1301 1801 1307 1807 ·

399 1876 552 1944 Forsitan
571 1875 736 1945 Ausonias
753 1876 816 1944 ibis
834 1875 966 1944 frenare
983 1876 1153 1962 cohortes,

398 1998 468 2066 Aut
485 1995 595 2066 Rheni
613 1993 776 2089 populos,
794 1992 853 2065 a'ut
872 1997 976 2090 nigra
995 1994 1093 2064 litora
1110 1995 1254 2083 Thulcs,

397 2120 468 2186 Aut
485 2116 609 2184 Istrum
628 2139 761 2184 servare
779 2113 886 2204 latus,
906 2115 1152 2209 metuendaque
1170 2129 1275 2211 portae

397 2235 531 2306 Limina
547 2237 714 2330 Caspiacae
734 2261 742 2303 ε
765 2261 827 2303 nec
844 2237 933 2303 enim
955 2235 1016 2304 tibi
1033 2234 1104 2303 sola
1120 2235 1263 2330 potentis

397 2355 532 2450 Eloquii
547 2356 673 2442 virtus3
693 2370 771 2424 sunt
788 2355 939 2424 membra
957 2355 1173 2425 accommoda
1190 2354 1306 2444 bellis,

397 2476 534 2569 Quique
553 2499 688 2569 gravem
709 2475 795 2544 tardi
813 2475 953 2544 subeant
973 2476 1108 2544 thoraca
1126 2473 1252 2546 lacerti.

399 2598 466 2666 seu
484 2619 603 2690 campo
620 2594 722 2689 pedes
742 2597 790 2664 ire
809 2619 927 2690 paras,
947 2609 997 2664 est
1014 2598 1149 2691 agmina
1168 2621 1268 2691 supra

399 2717 588 2786 Notaturus
605 2715 710 2809 apex3
731 2739 788 2784 seu
806 2715 901 2784 frena
919 2717 1073 2784 sonantia
1090 2715 1221 2803 flectes,

399 2837 528 2904 Serviet
544 2860 640 2930 asper
654 2860 770 2928 equus.
791 2837 862 2908 Nos
881 2834 966 2904 facta
984 2833 1092 2904 aliena
1109 2835 1278 2924 canendo,

398 2955 580 3051 Vergimur
598 2956 634 3023 in
652 2957 783 3024 senium
799 2981 808 3024 ε
826 2953 971 3050 propriis
990 2965 1027 3022 tu
1044 2953 1185 3050 pulcher
1201 2959 1236 3025 in
1255 2958 1355 3026 armis

399 3079 477 3171 Ipse
493 3074 772 3170 canenda-geres,
789 3076 969 3170 patriaeque
988 3075 1140 3170 exempla
1159 3077 1301 3171 parabis.

399 3199 526 3291 Magna
547 3209 662 3289 pater,
684 3195 868 3290 dignosque
887 3197 1071 3266 etiamnum
1091 3194 1229 3292 belliger
1247 3207 1340 3266 actus

400 3317 511 3386 Poscit
531 3340 633 3402 avus,
653 3327 851 3409 prmsmtque
869 3314 961 3385 domi
979 3317 1112 3386 novisse
1132 3315 1329 3411 triumphos.

403 3441 510 3532 Surge
526 3435 690 3531 agedum,
702 3437 929 3530 juvenemque
945 3461 1029 3530 puer
1046 3435 1216 3531 deprende
1233 3450 1425 3532 parentem,

403 3560 585 3625 Stemmata
602 3570 754 3625 materno
767 3553 869 3643 felix,
889 3558 1015 3626 virtute
1034 3572 1182 3652 paterna.

401 3679 477 3744 lam
495 3689 528 3743 te
547 3673 670 3744 blanda
688 3676 764 3744 sinu
781 3677 885 3770 Tyrio
904 3676 967 3746 sibi
983 3677 1086 3746 Curia
1104 3675 1182 3745 felix

402 3794 551 3883 Educat,
574 3808 607 3863 et
624 3808 760 3864 cunctas
779 3795 904 3891 gaudet
921 3795 1088 3890 spondere
1108 3793 1279 3865 curules.»

451 3918 530 3983 Haec
548 3938 610 4009 ego
628 3913 828 3986 Chalcidicis
848 3915 891 3985 ad
910 3930 961 4004 te,
981 3914 1160 4003 Marcelle,
1179 3917 1339 3986 sonabam

402 4035 592 4124 Litoribus,
611 4035 731 4106 fractas
749 4036 808 4104 ubi
826 4037 969 4106 Vesbius
986 4037 1085 4131 erigit
1103 4037 1188 4123 iras,

403 4155 534 4226 AEmula
552 4157 733 4227 Trinacriis
748 4155 885 4226 volvens
903 4155 1057 4228 incendia
1072 4155 1224 4234 flammis.
