3172 5142
126 477 161 540 (v.
176 477 244 542 πή)
428 471 645 532 ΤΗΕΒΑΙΒΟδ
667 471 779 530 LIBER
801 471 897 529 vul..
1123 485 1175 524 rar

127 600 229 671 lllum
247 602 330 688 heu,
350 600 506 695 praesagis
524 623 592 692 quo
608 597 721 670 nullus
738 600 879 668 amicior
894 595 1009 685 astris,

127 719 312 806 OEcliden,
332 718 522 813 frustraque
542 743 661 788 manus
680 744 755 788 cunr
772 742 856 788 voce
871 715 1022 787 tetendit.

127 841 219 908 Mira
236 838 368 934 loquor,
388 837 499 908 sulcos
516 841 718 927 etiamnum,
736 853 860 927 rector,
879 860 1064 936 equorum,

127 963 395 1052 Fumantemque
411 955 542 1047 locum,
562 973 599 1027 et
617 950 745 1053 spumis
763 956 898 1026 madida
916 979 996 1026 arva
1014 952 1144 1049 reliqui.

127 1080 201 1148 Nec
221 1103 401 1147 commune
419 1077 546 1148 malum
566 1094 616 1149 est
631 1104 640 1147 t
658 1077 756 1148 tellus
776 1079 930 1174 agnoscit
946 1075 1117 1164 alumnos,

127 1201 205 1270 Stat
220 1197 383 1269 Thebana
400 1200 528 1284 acies.»
550 1202 670 1294 Stupet
686 1200 771 1287 hacc,
792 1214 827 1269 et
844 1197 980 1267 credere
997 1196 1160 1267 Adrastus

127 1321 337 1408 Cunctatur3
355 1318 414 1390 sed
431 1321 572 1415 Mopsus
592 1318 933 1415 idem,trepidusque
950 1315 1079 1386 ferebat

126 1443 236 1512 Actor
253 1439 357 1527 idem;
380 1465 458 1510 nam
477 1439 567 1510 fama
586 1442 681 1509 novis
701 1439 886 1511 terroribus
904 1438 1014 1508 audax
1135 1459 1141 1475 ·

129 1565 212 1633 Nou
232 1588 338 1633 unum
357 1561 516 1632 cecidisse
531 1560 657 1631 refert:
676 1575 795 1656 sponte
813 1562 947 1656 agmine
965 1574 1055 1630 retro

130 1685 214 1756 Non
234 1698 426 1779 exspectato
444 1697 661 1754 revocantum
681 1708 776 1752 more
795 1684 953 1753 tubarum

130 1804 371 1900 Praecipitant:
390 1802 450 1873 sed
468 1818 582 1898 torpet
601 1801 675 1894 iter,
696 1802 884 1898 falluntque
903 1819 1037 1874 ruentes

132 1927 257 1994 Genua
276 1925 383 2013 viros,
404 1926 551 2020 ipsique,
571 1940 670 2020 putes
690 1926 846 2024 sensisse,
865 1939 1058 2019 repugnant

133 2044 360 2142 Cornipedes,
379 2043 538 2140 nulloque
556 2061 667 2116 truces
686 2046 877 2116 hortamine
894 2060 1032 2140 parent,

133 2169 208 2238 Nec
226 2165 372 2236 celerare
388 2165 548 2262 gradum,
567 2190 628 2236 nec
649 2165 765 2236 tollere
781 2164 909 2234 lumina
926 2181 1023 2234 terra.

134 2289 270 2359 Fortius
290 2289 464 2357 incursant
482 2288 599 2384 Tyrii:
619 2286 676 2357 sed
696 2289 825 2382 Vesper
844 2295 968 2381 opacus

135 2415 289 2481 Lunares
304 2408 376 2501 jam
395 2407 488 2477 ducit
504 2433 609 2502 equos
626 2434 637 2488 ι,
654 2407 731 2477 data
743 2406 876 2506 ,foedere
893 2433 1008 2502 parvo.

137 2533 259 2600 Moesta
275 2529 356 2599 viris
373 2531 525 2623 requies,
543 2542 576 2598 et
593 2553 661 2598 nox
682 2525 825 2599 auctura
843 2530 989 2598 timores.

188 2651 275 2738 Quae
291 2649 352 2719 tibi
374 2664 456 2718 tunc
476 2649 594 2737 facies,
616 2664 795 2744 postquam
811 2651 974 2745 permissa
993 2648 1149 2743 gemendi

139 2769 271 2866 Copia?
286 2771 345 2864 qui
361 2768 459 2840 lletus
477 2767 580 2864 galeis
599 2769 749 2839 cecidere
765 2768 905 2840 solutis?

140 2889 197 2961 Nil
216 2889 353 2960 solitum
373 2889 475 2984 sessos
490 2889 588 2982 juvat
607 2916 616 2960 :
635 2889 788 2984 abjecere
806 2889 995 2978 madentes,
1076 2919 1078 2922 ·

144 3013 239 3081 Sicut
258 3025 370 3100 erant,
390 3009 524 3105 clypeos
543 3036 551 3079 ε
570 3036 632 3080 nec
649 3012 826 3104 quisquam
845 3009 973 3106 spicula
995 3011 1106 3098 tersit,

140 3134 215 3202 Nec
233 3130 384 3200 laudavit
400 3157 545 3226 equum,
565 3131 680 3200 nitidae
701 3157 763 3201 nec
780 3132 916 3201 cassidis
933 3130 1036 3201 altam

142 3253 274 3321 Comsit
292 3249 537 3346 adornavitque
551 3252 670 3346 jubam
692 3278 700 3320 :
719 3253 775 3320 vix
793 3277 916 3347 magna
934 3250 1047 3321 lavare

143 3370 311 3461 Vulnera,
329 3387 365 3442 et
382 3371 532 3442 efflantes
553 3370 635 3442 libet
652 3365 875 3442 internectere
890 3363 1015 3469 plagas.

143 3495 271 3562 Tantus
291 3491 417 3586 ubique
434 3489 547 3562 dolorl
566 3518 696 3562 mensas
714 3491 940 3588 alimentaque
958 3491 1046 3562 bello

145 3612 268 3683 Debita
285 3636 348 3681 nec
366 3636 486 3707 pugnae
505 3614 610 3682 suasit
627 3615 728 3683 timor
745 3616 882 3684 :omnia
900 3612 1034 3700 laudes,

145 3732 365 3827 Amphiarae,
384 3747 474 3821 tuas,
496 3732 717 3828 loecuodaque
735 3749 874 3829 pectora
889 3737 959 3804 veri

145 3855 422 3922 Commemorant
439 3851 613 3947 lacrymis,
633 3869 667 3924 et
685 3879 746 3949 per
764 3857 908 3924 tentoria
925 3881 1034 3925 sermo

147 3976 264 4060 Unus;
283 3973 427 4042 «Abisse
443 3977 551 4058 Deos,
580 3974 773 4070 dilapsaque
794 3979 931 4045 numina
951 3977 1078 4045 castris

198 4090 317 4162 aileu!
339 4094 396 4162 ubi
417 4093 574 4189 laurigeri
593 4095 733 4164 currus?
750 4094 990 4190 sollemniaque
1008 4095 1120 4165 arma?
