3080 5136
255 477 261 486 ι
367 441 424 500 2⁸0
673 439 929 495 acerrumos
951 439 1067 494 unna
1087 439 1110 492 r.
1307 441 1419 502 (aaa)

364 567 492 638 Defluit
510 568 547 635 in
568 580 694 652 terras,
714 577 913 656 mutumque
931 561 1146 656 amplectitur
1167 563 1300 631 orbem.

364 687 556 760 Consedere
574 685 689 774 chori,
708 683 929 779 paullumque
949 671 1095 753 exercita
1116 673 1237 778 pulsu

340 875 345 882 .
364 813 444 880 AEra
460 822 574 878 tacent
593 831 601 874 ε
624 820 740 876 tenero
760 791 864 898 quuin
884 803 976 875 solus
996 805 1038 874 ab
1057 808 1190 900 agmine
1207 805 1360 876 Achilles

363 935 442 1000 Haec
460 953 574 998 secum
591 953 600 996 τ
618 911 812 1016 «Quonam
829 925 955 995 timidae
972 941 1164 996 commenta
1175 917 1338 1020 ¹pauentis

362 1053 480 1144 Usque
500 1047 610 1119 feres?
628 1049 844 1143 primumque
860 1039 987 1118 imbelli
1002 1071 1136 1116 carcere
1156 1047 1278 1141 perdes

361 1171 495 1241 Florem
513 1169 641 1240 animi?
656 1195 726 1240 non
743 1168 810 1239 tela
827 1167 904 1238 licet
919 1170 1089 1239 Mavortia
1105 1167 1243 1256 dextra,

362 1295 442 1364 Non
463 1291 611 1386 trepidas
630 1293 756 1386 agitare
773 1289 884 1362 feras?
903 1289 962 1360 ubi
982 1293 1120 1384 campus
1134 1273 1171 1358 'et
1190 1313 1314 1394 amnes

363 1413 551 1484 Haemonii?
572 1413 736 1506 quaerisne
755 1435 868 1500 meos,
886 1411 1062 1505 Sperchie,
1080 1425 1232 1498 natatus,

362 1535 615 1627 Promissasque
633 1531 770 1604 comas?
787 1557 831 1600 an
852 1519 1030 1601 desertoris
1048 1531 1175 1601 alumni

362 1653 487 1726 Nullus
501 1651 636 1724 honos?
650 1655 850 1747 Stygiasque
865 1651 984 1746 procul
998 1653 1068 1746 jam
1086 1666 1204 1747 raptus
1221 1653 1267 1722 ad
1284 1656 1425 1724 umbras

362 1774 490 1846 Dicor?
508 1788 542 1846 et
559 1774 699 1844 orbatus
718 1771 850 1868 plangit
870 1797 944 1872 mea
964 1773 1083 1844 funera
1104 1775 1259 1844 Chiron?

361 1897 414 1964 Tu
435 1920 528 1965 nunc
548 1895 612 1966 tela
630 1920 754 1984 manu,
774 1909 907 1964 nostros
926 1910 964 1964 tu
982 1895 1099 1990 dirigis
1118 1921 1236 1984 arcus,

361 2017 586 2110 Nutritosquc
601 2017 684 2086 mihi
705 2017 854 2105 scandis,
869 2015 1042 2105 Patrocle,
1055 2015 1186 2112 jugales
1203 2045 1211 2085 :

361 2144 421 2207 Ast
440 2163 504 2232 ego
520 2138 707 2232 pampineis
728 2135 918 2207 diffirndere
938 2136 1078 2206 brachia
1096 2139 1240 2232 thyrsis,
1275 2153 1277 2156 ’
1528 2127 1529 2174 t

360 2261 404 2328 Et
421 2272 560 2328 tenuare
577 2257 688 2348 colos,
705 2257 813 2352 pudet
826 2258 914 2343 heu,
931 2256 1096 2353 taedetque
1113 2256 1225 2327 fateri!

360 2383 435 2448 lam
454 2379 524 2449 scio
547 2404 555 2447 :
576 2379 659 2474 quin
679 2379 781 2448 etiam
802 2376 932 2448 dilecte
950 2379 1091 2473 virginis
1108 2380 1239 2473 ignem,

362 2501 622 2592 AEquaevamque
641 2497 765 2587 ianam,
785 2512 925 2592 captus,
945 2514 1128 2592 noctesque
1149 2499 1288 2593 diesque
1528 2463 1529 2498 l

360 2616 586 2689 Dissimulasi¹
603 2643 750 2714 quonam
771 2643 878 2713 usque
897 2641 1027 2714 premas
1049 2621 1180 2689 urentia
1199 2633 1324 2713 pectus

360 2735 998 2835 Vulnera?tequemarem,pudetheul
1011 2741 1420 2834 necamoreprobahis?=
1528 2719 1529 2744 ³

409 2861 465 2929 Sic
485 2863 545 2946 ait,
565 2876 600 2930 et
620 2859 723 2931 densa
740 2862 849 2930 noctis
867 2862 1001 2956 gavisus
1017 2862 1053 2929 in
1074 2849 1193 2930 umbra

359 2982 570 3075 Tempestiva
587 2983 655 3052 suis
677 2996 811 3076 torpere
832 2979 965 3051 silentia
986 2981 1099 3070 hirtis,

360 3101 404 3170 Vi
422 3103 552 3196 potitur
571 3105 680 3191 votis,
700 3117 736 3173 et
752 3117 825 3174 toto
844 3087 979 3199 pectore
997 3089 1094 3174 ueros

360 3221 527 3292 Admovet
544 3221 718 3318 amplexus
739 3251 747 3292 :
768 3226 842 3294 risit
858 3225 983 3297 chorus
1003 3227 1112 3296 omnis
1133 3226 1175 3296 ab
1195 3227 1266 3297 alto

359 3346 558 3430 Astrorum,
576 3360 610 3413 et
627 3360 750 3415 tenerae
768 3346 959 3416 rubuerunt
978 3372 1105 3416 cornua
1124 3351 1238 3418 Lnnae.

359 3462 419 3532 Illa
438 3463 574 3557 quidem
594 3465 740 3536 clamore
755 3493 874 3538 nemus
893 3483 1109 3563 montemque
1127 3469 1270 3565 replevit
1290 3499 1298 3540 :

359 3584 425 3652 Sed
441 3585 563 3655 Bacchi
580 3589 735 3677 comites,
753 3588 902 3658 discussa
920 3589 1010 3660 nube
1029 3593 1175 3685 soporis,

358 3705 461 3798 Signa
481 3703 593 3774 choris
609 3705 735 3776 indicta
753 3723 898 3802 putant:
920 3710 1034 3806 fragor
1054 3710 1203 3805 undiquc
1226 3728 1329 3782 notus
1390 3695 1393 3700 ‚

357 3822 513 3909 Tollitur,
531 3840 566 3894 et
585 3825 715 3921 thyrsos
735 3830 857 3900 iterum
877 3815 1205 3901 vibrabattlchillos.

357 3949 444 4015 Ante
463 3959 575 4015 tamen
594 3945 731 4018 dubiam
749 3950 860 4019 verbis
878 3949 1006 4021 solatur
1026 3954 1141 4023 amicis
1164 3981 1172 4022 :

407 4064 492 4134 «Ille
506 4093 583 4162 ego,
596 4069 676 4162 quid
693 4071 862 4165 trepidas?
877 4074 992 4167 genuit
1006 4099 1104 4172 quem
1120 4075 1245 4146 caerula
1260 4095 1377 4149 nrater
