3206 5136
403 467 444 524 rn
464 471 495 524 r.
518 471 548 523 r.
570 468 697 524 s‘rnrrr
718 466 965 526 THEB.-1.ln.1.
1155 489 1210 546 ²97

194 581 265 640 AEvo
275 584 394 640 dueenoe
409 583 453 662 (v.⁸
465 582 543 661 396).
561 584 721 640 Commode
738 584 795 640 hoc
809 583 946 658 explicari
959 601 1020 640 non
1032 595 1136 660 potest.
1152 589 1210 646 Sed

156 674 285 749 optimus
299 677 365 734 cod.
380 676 488 732 Berthii
504 687 533 733 et
544 677 616 751 Reg.
635 695 647 732 1
664 679 756 733 :Folo
769 678 832 732 due.

193 768 282 826 rrotn
297 769 408 824 sonem
427 769 533 824 culon
554 781 635 825 m
649 767 687 846 (v.
709 765 798 846 loon
815 770 905 826 nene
920 767 994 825 vien
1007 771 1138 830 ennius
1152 793 1212 830 sn.
1322 744 1324 753 '

151 880 267 919 monem
279 861 327 917 hio
345 859 498 918 artificiose
511 879 571 918 esee
587 861 795 935 interruptum,
809 871 844 916 ut
858 860 889 916 in
902 860 1052 918 notissimo
1071 864 1185 943 Virgilii
1200 885 1207 920 r

152 957 213 1010 Hos
226 972 321 1030 ego-
335 954 408 1009 :sed
418 964 511 1010 motos
516 993 525 1020 ,
534 963 587 1010 eto.
596 953 724 1012 Statiano
730 955 860 1028 exempla
874 952 952 1009 idem
964 953 1057 1026 dedit,
1064 974 1089 1014 e.
1100 977 1123 1014 c.
1139 978 1213 1030 rur,

151 1047 192 1102 6ο
207 1067 215 1102 :

262 1151 925 1220 Heqooqne-:eeddunmeliorviolentielegin
980 1177 983 1182 ·

192 1297 323 1354 Prolem
337 1296 465 1353 Pirithoo
487 1293 527 1376 (v.
552 1295 609 1369 475
627 1293 683 1375 eq.)
698 1297 773 1370 Quia
791 1316 850 1371 pree
869 1315 966 1355 amore
986 1299 1164 1376 Proserpinae
1182 1302 1211 1357 in

150 1391 262 1445 Oreum
276 1400 428 1464 penetrare
442 1409 503 1446 non
517 1389 669 1446 dubitavit.

197 1485 287 1556 Quem
298 1501 360 1558 per
369 1483 536 1540 Theunaesia
554 1483 658 1559 Tempe
673 1480 712 1562 (v.
725 1481 781 1548 486
796 1481 882 1562 sqq.).
892 1483 989 1565 Fingit
1002 1485 1092 1562 igitur
1105 1487 1212 1543 statim

149 1575 308 1632 citheronii
331 1575 422 1632 leonis
445 1575 555 1632 exuviis
570 1575 705 1632 amictum
727 1576 813 1632 fuisse
827 1577 997 1650 Herculem,
1022 1598 1081 1634 non
1097 1581 1212 1635 oleonaei

149 1687 206 1725 seu
220 1668 354 1740 nemeoei,
372 1681 406 1725 ut
424 1667 583 1725 communis
601 1668 675 1725 inme
689 1669 757 1740 fert,
770 1670 816 1726 vel
836 1681 913 1726 certe
928 1681 993 1727 ante
1009 1673 1114 1745 pellem
1135 1675 1211 1729 'e'ele-

148 1761 287 1818 briorem.
303 1761 379 1818 Vide
393 1749 573 1819 Mennmnn'.
589 1761 626 1817 ad
642 1763 725 1830 Silo,
747 1782 776 1834 v,
791 1780 827 1833 n,
843 1765 889 1831 48.
905 1764 1043 1821 Praeterea
1059 1766 1212 1843 legendum

149 1874 217 1910 cum
227 1853 377 1911 Gronovio
386 1866 414 1912 et
423 1855 509 1911 codd.
523 1875 584 1911 non
592 1855 706 1929 paneis,
715 1856 760 1912 vel
770 1855 931 1933 refragante
946 1857 1211 1931 optimoejuvenili-

149 1949 203 2003 bus
216 1949 310 2004 annis.
325 1948 368 2004 Cf.
384 1948 468 2004 allata
485 1946 522 2004 ab
536 1945 600 2002 intt.
614 1948 743 2018 Horten,
760 1947 820 2004 Sat.
828 1989 839 2016 ,
856 1969 883 2018 1,
905 1969 937 2020 r,
952 1955 978 2016 4.

192 2039 296 2095 Siccati
306 2042 427 2096 vulnera
441 2039 568 2114 lymphis
582 2037 620 2118 (v.
641 2036 720 2118 527).
735 2042 800 2097 lem
813 2043 893 2098 Laot.
910 2041 1044 2100 observat
1059 2042 1119 2100 hoo
1133 2063 1212 2100 sum·

148 2141 234 2206 ptum
252 2151 311 2190 esse
324 2151 361 2190 ex
373 2131 475 2208 virgil.
494 2132 623 2201 Eueni,
643 2150 680 2200 x,
699 2131 757 2202 834
778 2153 785 2188 :

257 2289 366 2341 Vulnere
375 2289 481 2341 tioeebet
491 2289 621 2357 lymphis...

149 2435 189 2492 ad
198 2435 312 2510 queml.
322 2435 440 2493 Servius
450 2456 457 2492 ε
468 2459 481 2486 ι
489 2433 576 2492 Retio
585 2453 653 2492 vera
662 2444 720 2505 est,
734 2435 803 2510 quia
815 2433 911 2493 fluxus
920 2435 1211 2513 sangninieaqnamrn

150 2526 259 2604 frigore
274 2527 470 2586 continetur.»

195 2621 320 2698 Utraque
331 2623 415 2698 vr'rgo
429 2617 467 2698 (v.
488 2619 566 2696 533).
585 2620 673 2697 Argia
686 2632 714 2677 et
730 2620 866 2698 Deipyle,
882 2619 947 2678 filie
965 2621 1090 2679 Adrasti.
1105 2620 1211 2701 (lule,

150 2735 195 2784 rr,
214 2716 275 2772 203
290 2711 367 2792 sqq.)
386 2757 389 2764 .

196 2810 264 2865 Vivo
266 2849 312 2865 .....
326 2828 396 2864 aum
410 2805 449 2885 (v.
470 2804 548 2885 647).
568 2807 654 2864 idest
675 2807 805 2866 vitamet
821 2808 984 2864 animorum
997 2819 1094 2864 motus
1111 2808 1210 2882 expri-

150 2913 255 2960 mente.
271 2903 371 2959 Paullo
384 2911 452 2977 post
464 2919 491 2976 e.
501 2899 658 2959 enecone
675 2903 779 2964 Behot.
790 2913 819 2958 et
827 2903 899 2977 Reg.
918 2920 929 2956 ι
947 2921 954 2956 ε
966 2905 1142 2958 lassantem
1156 2921 1211 2976 pro

150 3001 255 3052 lanam
263 3016 272 3049 :
281 2993 363 3069 quod
375 2993 526 3067 imponere
538 3011 599 3050 non
609 2993 734 3050 debebat
746 2993 815 3050 viris
829 2993 923 3050 dootis
930 3014 939 3063 ;
949 2995 1056 3048 laxant
1067 2992 1114 3048 hic
1127 2993 1211 3050 unice

150 3105 267 3145 verum.¹

195 3181 313 3254 Crotopi
324 3177 362 3256 (v.
382 3177 461 3256 570).
476 3203 489 3228 n
500 3179 554 3236 llio
567 3198 618 3236 rex
632 3179 747 3255 argivus
761 3179 836 3252 luit,'
846 3179 899 3256 qui
912 3178 1073 3254 Apollinem
1091 3179 1212 3254 Typho-

151 3275 196 3331 nis
216 3274 293 3330 eaede
313 3274 457 3348 pollutum
481 3271 616 3347 expiavit.
629 3272 715 3328 lluio
737 3271 797 3329 filia
816 3271 965 3330 Psamatbe
981 3270 1053 3342 fuit,
1067 3289 1133 3326 curn
1155 3291 1212 3348 qun

152 3367 260 3442 Apollo
279 3365 455 3437 eonoubnit;
471 3364 582 3440 dequo
597 3381 764 3439 compressu
780 3365 872 3421 edidit
885 3360 1014 3442 (genuit,
1030 3363 1094 3419 eod.
1113 3362 1212 3440 Paris.)

152 3471 182 3517 et
194 3479 264 3516 mox
278 3459 389 3516 editum
407 3467 523 3533 partum
537 3451 671 3532 exposuit
685 3478 691 3512 :
707 3458 789 3532 qnod
812 3459 916 3532 Apollo
936 3456 1120 3532 indignanter
1136 3456 1213 3512 aeci·

151 3553 235 3627 piens
246 3553 288 3607 'in
301 3551 457 3608 vindictam
472 3550 584 3624 injutiae
601 3567 657 3606 suae
672 3549 769 3621 injecit
784 3561 961 3620 monstrum,
975 3547 1058 3624 qnod
1072 3549 1213 3604 Coroebns

152 3645 299 3703 occidit.»
326 3671 329 3676 ·
839 3641 842 3652 ’
1063 3641 1149 3696 incr.

198 3741 313 3813 quue
321 3737 691 3812 siccaferumerepidormr.
704 3737 831 3792 mhiosse
840 3733 1023 3812 lupomm(v.
1035 3731 1114 3812 626).
1131 3759 1143 3783 ιι
1152 3736 1212 3791 Ora

150 3828 433 3908 jejnnn'(lnpornm)
452 3831 549 3888 ferunt
564 3829 695 3886 homines
708 3830 830 3888 inhiasse
844 3837 966 3904 propter
985 3829 1089 3884 laniem
1103 3838 1132 3882 et
1153 3847 1212 3882 non

153 3923 342 3980 comedisse.»
1052 3923 1151 3976 Gnoso.

195 4017 367 4092 Summaque
382 4017 518 4073 biverticis
532 4013 569 4093 (v.
585 4015 645 4073 628
665 4011 751 4091 sqq.).
769 4013 895 4071 imitatio
909 4013 1061 4072 Homerica
1080 4030 1117 4068 ex
1130 4011 1212 4067 initio

157 4109 269 4164 Iliade.
