3080 5136
367 407 408 461 ΙΝ
430 409 459 462 P.
482 408 511 464 P.
532 407 659 464 sustu
681 406 790 463 THEB.
812 407 883 462 LIB.
905 408 957 463 vl.
1133 407 1188 464 311

122 529 271 578 cuntur.»
295 523 393 578 Gron.
414 525 536 583 —Post
551 541 579 578 v.
600 527 656 588 nol
684 523 739 585 ΜΒ
760 541 767 576 :
788 524 911 583 extentis
930 522 1038 580 eminus
1058 544 1087 580 a.
1111 525 1189 582 Et'v.

125 613 195 670 ποθ
210 613 324 688 aliquot
337 613 414 672 codd
433 634 441 668 ι
459 616 622 691 opulentior
640 617 707 684 ille,
720 615 865 688 probante
887 615 999 672 Wakel.
1018 615 1056 672 ad
1072 617 1191 691 Eurip.,

120 707 198 762 Alc.
206 748 218 776 ‚
230 707 297 764 621.
334 765 335 771 χ

179 813 267 870 Crono
282 815 404 870 rutilent
417 815 550 874 ardenna
562 816 650 876 mella
663 810 703 891 (v.
718 811 796 894 nio).
813 813 897 889 Legit
909 831 946 872 ex
960 825 1021 888 opt.
1036 815 1170 875 Berthius
1184 835 1191 870 :

122 907 298 962 adrnidrnu
316 907 461 966 humenn'a
479 926 534 976 m.,
556 906 699 982 equibus
723 907 804 982 prius
827 917 903 964 certe
925 908 1115 966 necessarium
1133 927 1193 964 esse

121 998 261 1057 videtur.

174 1093 271 1148 Multa
286 1090 433 1168 gemunt...
449 1094 601 1169 indulgeat
614 1095 703 1150 anuo
720 1090 758 1170 (r.
774 1090 929 1171 ειη-ἠδ).
947 1095 1064 1167 Septem
1077 1094 1108 1149 hi
1124 1113 1192 1152 ver-

124 1203 182 1242 sus
203 1184 290 1258 plane
310 1185 396 1242 alieni
415 1185 534 1242 suntab
558 1185 616 1241 hoc
638 1186 704 1242 loco
726 1206 734 1242 :
756 1205 852 1260 neque
875 1185 1062 1259 reperiuntur
1082 1186 1113 1242 in
1132 1187 1192 1242 ullo

125 1277 236 1334 codice
250 1297 287 1334 ex
309 1279 470 1336 numerosis
488 1278 559 1352 illis,
573 1297 648 1353 quos
666 1278 817 1350 Behotius,
831 1278 1045 1355 Lindenbrog„
1061 1279 1194 1337 barthius

125 1381 298 1443 versarunt,
312 1391 407 1445 neque
419 1371 449 1426 in
459 1390 475 1427 a
485 1372 576 1448 Regg.
589 1372 649 1428 Nec
659 1372 824 1428 Lactantius
840 1370 1097 1445 quicquamadeos
1107 1390 1190 1430 com-

125 1473 277 1519 mentatus
295 1474 346 1520 est.
362 1466 459 1535 Quare
477 1462 659 1536 eliminandi,
676 1475 708 1519 ut
720 1464 865 1519 Weberns
878 1463 955 1520 fecit.

176 1569 290 1626 Cunctis
305 1571 381 1624 aruis
394 1581 425 1624 et
438 1569 577 1626 maenibus
595 1568 634 1644 (v.
651 1567 730 1648 250).
749 1571 804 1626 ΜΒ
821 1588 828 1624 :
843 1570 960 1625 «wncti
972 1588 1011 1625 en
1028 1571 1112 1626 amis.
1123 1594 1138 1622 r
1148 1573 1191 1627 De

128 1680 214 1735 seqq.
235 1673 312 1718 recte
332 1662 476 1718 Weberus
496 1681 503 1716 ε
526 1687 538 1711 α
550 1664 585 1716 ln
603 1662 797 1737 descriptione
817 1662 955 1720 ludorum
975 1662 1098 1720 Statium
1115 1682 1189 1739 ago-

127 1771 200 1808 nem
214 1753 339 1830 aliquem
359 1753 404 1810 sui
427 1754 479 1808 nvi
496 1772 562 1808 cum
581 1754 750 1810 adulatione
768 1752 929 1811 Domitiani
946 1754 1104 1828 respexisse
1123 1756 1192 1830 pln-

128 1844 215 1901 ribus
227 1846 298 1904 locis
314 1846 417 1902 lectori
431 1856 542 1902 attento
556 1847 641 1902 etiam
659 1857 770 1903 tacente
788 1865 835 1902 me
851 1845 1034 1921 apparebit»
1143 1847 1146 1857 “

178 1951 342 2008 Gramincoe
350 1949 536 2029 ῥοπὰς-(ν.
560 1951 638 2032 259).
667 1953 747 2024 Quid
773 1962 841 2008 sunt
866 1953 1027 2026 gramineoe
1042 1951 1191 2024 frondes?

131 2044 250 2117 Sequor
273 2045 503 2102 emendationem
521 2045 704 2118 praestantiss.
730 2046 794 2102 cod.
815 2065 823 2100 ε
843 2045 1034 2120 gramineoque
1056 2056 1086 2100 et
1089 2044 1132 2116 fr.
1139 2089 1149 2116 ,
1167 2066 1190 2102 c.

130 2136 170 2212 gt.
191 2157 198 2192 ε
216 2140 386 2207 «Frondem
405 2134 537 2195 tenuiora
551 2137 682 2208 arbusta,
697 2138 814 2194 frutices
836 2148 864 2194 et
885 2137 944 2193 aliae
961 2137 1081 2194 hmniles
1100 2139 1190 2194 arbu-

131 2213 250 2290 sculam
267 2219 378 2288 Banna.

177 2323 303 2395 Consenti
314 2321 353 2401 (v.
371 2323 449 2403 261).
465 2328 521 2381 ΜΒ
541 2345 548 2380 :
570 2325 736 2393 consertum
750 2326 829 2380 Lact
848 2344 854 2379 :
877 2325 1005 2380 conserti.
1021 2324 1055 2376 V.
1078 2323 1188 2380 Binan.

129 2405 170 2472 ¹Et
184 2417 270 2473 tertio
284 2417 388 2474 abhinc
404 2418 539 2476 nonnulli
553 2419 650 2474 Barth.
668 2437 675 2472 :
690 2421 838 2494 cultusque
855 2435 911 2492 pro
932 2417 1001 2472 uult.

177 2525 304 2582 Pectoris
320 2525 421 2580 attritu
434 2523 474 2602 (v.
489 2521 569 2601 ²7¹)·
583 2522 689 2580 Melius
706 2526 761 2579 ΜΒ
781 2543 788 2578 :
804 2524 838 2578 P.
858 2522 985 2578 astrictu.

176 2631 245 2699 Dic,
265 2631 370 2704 inclyte
389 2631 512 2700 Puoeue,
532 2641 677 2706 regentum
696 2629 820 2686 Nomina
838 2626 876 2704 (v.
901 2627 978 2703 296).
999 2629 1190 2686 scribendum
1280 2677 1282 2682 .

134 2734 194 2779 erat
209 2742 233 2780 c.
248 2723 346 2780 Barth.
361 2742 397 2780 ex
411 2723 581 2780 melioribus
595 2722 653 2779 suis
667 2733 696 2778 et
711 2724 782 2798 Reg.
803 2739 814 2776 1
833 2741 840 2775 ι
856 2722 911 2776 Dic
925 2722 1031 2794 inclyta
1037 2762 1047 2789 ,
1067 2722 1189 2790 Pboebe,

134 2835 191 2890 reg.
208 2818 243 2871 N.

175 2922 336 2976 Formidine
359 2932 445 2975 cauto
467 2917 505 2994 (v.
532 2920 610 2994 324).
634 2919 722 2974 Multi
739 2919 819 2974 MSS.
844 2903 858 2972 ι’
877 2921 908 2973 F.
926 2931 1032 2976 cautus.
1055 2920 1188 2976 Ceterum

106 3083 111 3092 ‚
134 3013 324 3088 fragmentum
340 3032 375 3069 ex
392 3013 501 3069 Lucani
516 3013 633 3080 Iliacis,
649 3011 732 3086 quod
750 3029 766 3066 a
785 3013 863 3068 Lact.
879 3011 960 3067 adh.
980 3014 999 3068 l.
1018 3011 1146 3084 affertur,
1157 3013 1188 3069 in

135 3115 240 3177 quarto
253 3124 338 3161 versu
351 3122 500 3175 mancum,
515 3104 660 3178 integrum
674 3102 827 3162 exhibetur
841 3103 871 3158 in
886 3103 951 3159 cod.
962 3102 1049 3160 Paris.
1062 3124 1090 3158 :u
1100 3107 1188 3160 Terra
1236 3137 1244 3150 ·

136 3196 216 3252 dedit
229 3201 303 3254 coelo
317 3200 407 3254 necem
421 3208 583 3272 naturaque
596 3215 716 3266 versam
730 3197 816 3270 plane
829 3207 863 3252 ut
881 3195 1043 3268 conjecerat
1057 3197 1188 3252 Linden-

135 3289 233 3367 hrog.‚
252 3310 281 3365 p.
304 3291 361 3361 728
377 3291 421 3347 ed.
439 3290 520 3348 Cruc.

177 3395 277 3466 Credo,
293 3393 367 3453 adeo
379 3414 480 3451 senum
490 3395 677 3470 indignantur
689 3393 727 3470 (v.
746 3394 824 3473 334).
848 3395 1005 3452 «Meliores
1018 3395 1086 3450 libri
1104 3398 1187 3452 credo

136 3490 261 3562 equidem
269 3531 279 3558 ‚
294 3509 318 3545 s.
334 3491 353 3547 i.
370 3487 499 3546 disertim
513 3489 676 3546 scribunt.»
696 3491 806 3544 Btnan.

175 3597 303 3670 Dumque
316 3595 417 3667 chelrn
436 3598 518 3650 lauro
534 3592 571 3670 (v.
588 3593 645 3650 366
653 3594 723 3670 ρῳ).
739 3593 995 3651 «citharoedorum
1009 3593 1186 3668 disciplinam

137 3687 293 3760 expressit:
311 3687 418 3762 quibus
437 3705 501 3742 mos
518 3685 602 3740 finito
620 3686 744 3743 carmine
765 3706 903 3744 coronam
923 3686 1082 3743 detractam
1101 3689 1187 3763 capiti

136 3781 246 3836 citharae
261 3780 413 3855 subligare.
433 3781 545 3834 „Lien
654 3839 660 3851 ‚

113 3928 117 3938 ,
177 3875 329 3930 Fidissima
343 3873 454 3928 Pboeho
468 3874 592 3928 Nomu'na
607 3869 645 3948 (v.
665 3873 743 3950 372).
759 3875 832 3930 Bnni
847 3873 933 3930 codd.
953 3873 1059 3928 multi:
1075 3873 1185 3928 Phoebi.

176 3970 243 4022 Fila
265 3970 326 4022 colo
342 3965 380 4044 (v,
407 3964 486 4043 380).
508 3966 699 4024 Scribendum
723 3971 784 4022 colu
810 3987 845 4024 ex
865 3978 936 4041 optt.
959 3966 1063 4036 codd,
1083 3965 1187 4022 diserte

136 4071 308 4116 memorante
327 4059 482 4129 Prisciano,
500 4079 549 4130 vi,
564 4079 593 4134 p.
611 4060 669 4131 ²7⁸
691 4060 736 4117 ed.
753 4062 853 4118 Krehl.
