3200 5142
402 489 456 550 ¹9⁰
719 469 935 528 TflEfflDOE
955 471 1071 530 mn
1093 473 1115 530 1·
1332 471 1366 537 (Ἰ
1376 475 1449 540 613·)

398 595 584 668 Decuieere
602 587 697 693 genis
712 620 724 668 r
740 595 858 692 nequit
876 595 961 666 irem
981 594 1115 693 expiere
1134 611 1295 692 petentes.

400 716 498 788 lliam
517 733 550 787 et
570 731 740 788 nocturno
760 719 888 788 nircum
908 717 1052 790 stridore
1070 715 1223 790 veientes

399 843 552 933 Impastae
573 837 706 936 fugistis
724 861 821 926 eres,
837 837 1055 933 rabidumque
1073 863 1197 912 uenum
1212 841 1302 929 vim,

399 962 536 1053 Oraque
556 960 642 1029 sinen
661 957 777 1028 ferunt
796 957 1005 1054 trepidorum
1025 959 1172 1032 intrusae
1192 959 1361 1058 luporum.

447 1079 599 1150 «Saevinr
619 1079 654 1148 in
674 1081 814 1149 miseros
834 1077 910 1148 fetis
930 1079 1059 1152 ultricis
1077 1080 1243 1177 adempte

397 1199 514 1271 Delius
535 1199 695 1295 insurgit,
716 1223 913 1295 summeque
931 1199 1102 1272 biverticis
1122 1201 1242 1272 umbra

397 1321 553 1391 Parnassi
572 1317 740 1407 residens,
760 1341 841 1389 areu
860 1318 1006 1390 crudelis
1022 1323 1140 1417 iniquo

397 1440 558 1511 Pestifera
578 1461 672 1509 anm
687 1440 786 1534 jecit,
802 1461 1005 1536 camposque
1025 1455 1063 1512 et·
1078 1440 1165 1512 oona
1181 1441 1370 1539 Cyclopum

399 1564 516 1648 Tecta,
536 1561 727 1655 superjecto
745 1557 947 1642 nebuierurn
963 1561 1112 1632 ineendit
1130 1563 1270 1634 eurietu.

399 1680 577 1750 Labuntur
597 1677 712 1749 dulces
731 1681 850 1760 anime
867 1705 876 1750 t
893 1682 988 1751 Mors
1008 1679 1065 1752 fils
1084 1685 1248 1754 Sororum

398 1804 487 1872 Ense
504 1801 620 1888 metit,
638 1813 837 1894 ceptumque
856 1815 973 1871 tenens
989 1801 1055 1872 fert
1073 1803 1230 1872 mnibus
1250 1803 1379 1872 urbem.

399 1921 591 2010 Quaerenti,
610 1943 685 2015 quae
705 1940 824 2008 musa,
843 1917 941 2009 duci3
958 1924 1033 2016 quis
1054 1923 1099 1992 eb
1118 1925 1241 1994 retbere
1263 1921 1366 1993 larus

402 2043 509 2136 Ignis,
527 2055 561 2112 et
581 2042 617 2110 in
638 2054 748 2112 totum
763 2055 919 2136 regnaret
940 2043 1050 2112 Sirius
1064 2065 1202 2114 mum.

449 2161 712 2233 «Idem-sueton
726 2165 826 2232 Paean
844 2183 961 2232 rursus
979 2163 1074 2258 jubet
1094 2164 1144 2233 ire
1159 2178 1312 2241 uuentu.

400 2284 539 2354 Inferias
559 2297 711 2382 monstro
726 2285 882 2379 juvenes,
899 2285 958 2377 qui
979 2283 1069 2354 cede
1089 2282 1199 2380 periti.

401 2409 586 2474 Fortunate
605 2403 726 2492 enimi,
745 2401 952 2499 iunguntque
968 2405 1004 2472 in
1021 2404 1140 2476 saecula
1159 2405 1260 2502 digne

402 2526 630 2594 promeriture
649 2520 754 2594 diem!
775 2544 846 2594 non
867 2539 904 2594 tn
925 2525 985 2619 pia>
1000 2523 1147 2622 degener
1164 2546 1258 2596 urna

402 2643 553 2734 Occuiis,
573 2659 633 2714 eut
647 2657 747 2714 certes
767 2643 916 2740 trepides
935 2662 1114 2716 occurrere
1128 2649 1240 2718 morti.

402 2767 575 2836 Cominus
586 2789 646 2834 ore
663 2763 791 2852 ferens,
809 2740 958 2860 Cyrrbaei
974 2767 1010 2836 in
1030 2765 1146 2836 limine
1164 2765 1281 2864 tempii

403 2887 583 2974 Constitit,
605 2901 639 2956 et
658 2908 767 2956 sanus
787 2869 834 2956 itu
855 2888 994 2958 vocibus
1012 2903 1144 2984 asperet
1159 2883 1247 2960 irase

454 3011 561 3080 «Non
581 3008 717 3097 missus,
733 3008 955 3103 Thymbraee,
975 3025 1050 3080 tuos
1069 3008 1251 3107 supplexve
1266 3025 1406 3107 penates

404 3127 554 3201 Advenio
571 3155 579 3197 :
598 3151 673 3198 mee
693 3145 747 3198 me
766 3129 872 3224 pietas
893 3140 927 3198 et
944 3133 1076 3202 conscit
1096 3135 1203 3202 virtus
1304 3117 1306 3122 ⁵

404 3253 472 3320 Has
490 3273 587 3346 egere
603 3251 672 3320 vies
691 3271 777 3346 :ego
799 3273 890 3341 suns,
912 3254 969 3346 qui
988 3249 1076 3323 unde
1096 3254 1232 3350 subegi,

404 3369 548 3459 Phoebe,
570 3385 668 3440 tuum
687 3370 832 3440 mortale
851 3351 961 3460 neiat,
973 3391 1081 3468 quent
1101 3377 1247 3446 nubibus
1266 3377 1349 3446 a'tris

405 3495 449 3560 Et
472 3488 645 3585 squalente
664 3489 736 3579 die,
757 3491 852 3587 nigre
874 3513 973 3587 quem
994 3496 1072 3564 tnbe
1090 3498 1216 3566 sinistri
1247 3547 1250 3554 ·

406 3611 559 3700 Quaeris,
581 3613 710 3706 inique,
731 3610 821 3707 poli:
837 3611 928 3708 quod
949 3616 977 3684 si
998 3631 1149 3688 monstra
1169 3617 1271 3688 effere
1289 3620 1421 3715 magnis

407 3733 494 3802 Care
513 3731 598 3804 aden
613 3733 762 3828 Superis,
780 3733 978 3829 iacturaque
997 3735 1097 3807 vilior
1112 3738 1224 3826 orbis,

407 3855 502 3922 Mors
520 3852 716 3942 hominurn,
737 3869 771 3924 et
791 3879 878 3924 saero
896 3845 988 3926 tanta
1007 3849 1219 3936 inelementia
1237 3857 1322 3930 cuelo
1339 3875 1405 3948 est,

407 3972 502 4064 Quid
519 3997 671 4043 meruere
691 3975 798 4070 Argi?
814 4001 868 4045 nre
883 4001 953 4066 me,
970 3978 1095 4047 Divum
1110 3977 1255 4074 optime,
1274 3977 1383 4050 soiurn

409 4095 580 4190 Objecisse
599 4111 700 4192 ceput
717 4097 793 4168 fatis
811 4099 981 4192 prestabit
998 4123 1006 4166 ε
1021 4123 1064 4168 en
1087 4096 1170 4167 iliud
