3094 5140
125 465 160 526 (v.
177 463 248 524 47⁵.)
435 457 651 514 THEBAIDOS
672 457 784 514 LIBER
806 457 871 512 Xll.
1129 469 1184 532 ²¹17

18 615 20 624 ’
125 593 261 660 Cuncta
278 581 421 674 doeens,
436 608 505 678 qua
523 597 622 678 gente
639 595 735 672 sate,
754 607 829 679 quae
844 582 962 652 sunere
979 583 1161 680 plangant,

18 731 19 748 ¹
126 709 265 799 Quidve
282 720 399 803 petant
416 732 424 774 :
442 705 545 774 variis
562 729 626 774 nec
644 729 713 773 non
732 703 892 786 affatibus
912 705 992 800 ipsae

126 832 276 927 Ogygias
295 826 404 925 leges,
424 827 751 920 immansuetumque
768 828 918 896 Creonta

125 951 279 1020 Multum
293 965 328 1019 et
340 950 467 1044 ubique
485 947 643 1018 fremunt.
658 947 785 1018 Geticae
799 973 868 1018 non
885 946 983 1042 plura
997 962 1188 1042 queruntur

127 1073 328 1167 Hospitibus
346 1072 441 1142 tectis
459 1085 581 1140 trunco
599 1094 753 1139 sermone
772 1067 943 1158 volueres,

127 1199 248 1286 Quum
266 1191 417 1288 duplices
433 1189 616 1278 thalamos,
633 1206 666 1260 et
685 1193 840 1286 iniquum
854 1194 960 1261 Terea
978 1189 1136 1260 clamant.

179 1315 273 1385 Urbe
292 1314 356 1383 luit
371 1312 480 1382 media
497 1310 582 1383 nulli
601 1337 759 1383 concessa
778 1326 956 1407 potentum

77 1475 80 1485 ν
129 1441 198 1508 Ara
218 1439 355 1506 Deum:
373 1436 464 1503 mitis
482 1435 598 1530 posuit
616 1432 805 1503 Clementia
824 1433 957 1518 sedem,

128 1563 177 1628 Et
192 1557 305 1634 miseri
322 1555 432 1626 fecere
449 1580 578 1626 sacram
596 1582 605 1624 t
623 1557 695 1624 sine
714 1555 864 1650 supplice
882 1579 1056 1650 nunquam

129 1677 195 1748 llla
208 1700 301 1778 novo
315 1703 323 1745 ε
339 1674 433 1746 nulla
453 1677 626 1746 damnavit
642 1691 723 1779 vota
742 1675 886 1772 repulsa.

128 1799 268 1886 Auditi,
286 1801 480 1893 quicunque
497 1814 639 1894 rogant3
657 1812 859 1893 noctesque,
879 1798 1018 1893 diesque

46 1901 53 1918 ⁶
128 1923 187 1989 Ire
205 1919 393 2008 datum3et
412 1917 491 1989 solis
512 1943 638 1988 numen
657 1918 791 2013 placare
810 1919 966 2013 querelis.

129 2045 238 2111 Parca
257 2020 453 2135 superstitio
471 2065 565 2110 :nou
584 2041 706 2110 thurea
724 2041 877 2126 flamma,
895 2066 957 2109 nee
978 2037 1067 2110 altus

129 2159 310 2260 Accipitur
326 2158 656 2256 sanguis‚.lacrymis
677 2160 799 2230 altaria
817 2159 957 2245 sudant,

131 2285 397 2374 Moestarumque
417 2279 697 2375 superlibamina
718 2297 806 2350 serta
827 2305 1001 2350 comarum

131 2402 304 2486 Pendent‚
324 2417 357 2470 et
376 2417 484 2471 vestes
502 2417 633 2471 mutata
652 2418 743 2472 sorte
757 2401 893 2472 relictae.

131 2525 220 2594 Mite
238 2548 355 2592 nemus
373 2524 483 2608 circa,
501 2521 662 2617 cultuque
681 2525 812 2618 insigne
832 2524 995 2607 verendo,

132 2646 272 2714 Vittatae
288 2643 419 2731 laurus,
435 2657 469 2714 et
486 2643 647 2738 supplicis
669 2646 770 2716 arbor
787 2645 894 2715 olivae.
965 2732 966 2735 Ἴ

133 2763 237 2836 Nulla
256 2745 368 2834 autem
385 2764 530 2859 effigies,
547 2762 631 2833 nulli
653 2767 829 2834 commissa
848 2764 984 2854 metallo

133 2889 257 2954 Forma
277 2885 365 2971 deae,
384 2900 510 2954 mentes
529 2885 682 2955 habitare
702 2901 735 2954 et
754 2901 891 2980 pectora
908 2885 1042 2980 gaudet.

137 3010 275 3100 Semper
289 3007 390 3075 habet
405 3007 570 3101 trepidos,
590 3032 722 3100 semper
741 3006 835 3077 locus
852 3009 970 3077 horret
991 3010 1105 3103 egenis

136 3127 308 3213 Coetibus;
328 3131 453 3222 ignotae
471 3143 603 3198 tantum
623 3126 776 3197 felicibus
794 3154 871 3197 arae.

135 3253 236 3318 Fama
256 3264 322 3336 est,
342 3248 492 3318 desensos
509 3251 598 3335 acie,
614 3264 691 3342 post
708 3251 807 3318 busta
826 3251 957 3342 paterni

136 3370 314 3456 Numinis,
336 3368 519 3440 Herculeos
538 3369 651 3439 sedem
668 3370 825 3439 fundasse
842 3385 991 3464 nepotes.

136 3496 238 3560 Fama
259 3493 371 3560 minor
391 3491 487 3561 factis
503 3517 511 3558 :
529 3493 619 3587 ipsos
639 3518 717 3562 nam
735 3491 871 3561 credere
889 3490 1030 3585 dignum

136 3612 330 3702 coelicotas,
351 3611 450 3682 tellus
469 3615 592 3708 quibus
613 3613 747 3707 hospita
766 3637 895 3707 semper
913 3612 1073 3701 Athenae,

136 3737 208 3804 Ceu
229 3733 337 3829 leges,
354 3705 594 3828 hominemque
611 3759 756 3819 novum,
771 3735 924 3828 ritusque
942 3757 1132 3818 sacrorum,

136 3857 336 3950 Seminaque
357 3860 390 3924 in
411 3881 534 3926 vacuas
552 3857 632 3924 hinc
649 3855 886 3925 descendentia
903 3870 1025 3942 terras,

134 3979 189 4044 Sic
206 4002 351 4046 sacrasse
370 3976 444 4047 loco
463 4003 643 4048 commune
660 3979 887 4047 animantibus
908 3978 1004 4071 aegris

126 4097 362 4204 llonlirgium,
382 4098 476 4172 unde·
490 4097 607 4194 procul
630 4115 757 4167 starent
778 4100 920 4192 iraeque,
944 4101 1125 4192 minaeque,
