<?xml version="1.0" encoding="UTF-8"?>
<!DOCTYPE html PUBLIC "-//W3C//DTD XHTML 1.0 Transitional//EN"
    "http://www.w3.org/TR/xhtml1/DTD/xhtml1-transitional.dtd">
<html xmlns="http://www.w3.org/1999/xhtml" xml:lang="en" lang="en">
 <head>
  <title>
</title>
<meta http-equiv="Content-Type" content="text/html;charset=utf-8" />
  <meta name='ocr-system' content='tesseract 3.04.00' />
  <meta name='ocr-capabilities' content='ocr_page ocr_carea ocr_par ocr_line ocrx_word'/>
</head>
<body>
  <div class='ocr_page' id='page_1' title='image "./operaquaeextant00dbgoog_0425.png"; bbox 0 0 3172 5142; ppageno 0'>
   <div class='ocr_carea' id='block_1_1' title="bbox 433 482 1482 551">
    <p class='ocr_par' dir='ltr' id='par_1_1' title="bbox 433 482 1482 551">
     <span class='ocr_line' id='line_1_1' title="bbox 433 482 1482 551; baseline -0.006 -5"><span class='ocrx_word' id='word_1_1' title='bbox 433 489 471 551; x_wconf 74' lang='lat' dir='ltr'><strong>dl</strong></span> <span class='ocrx_word' id='word_1_2' title='bbox 745 487 958 546; x_wconf 75' lang='lat' dir='ltr'><strong>Tmamos</strong></span> <span class='ocrx_word' id='word_1_3' title='bbox 977 491 1088 548; x_wconf 73' lang='lat' dir='ltr'><strong>Lmen</strong></span> <span class='ocrx_word' id='word_1_4' title='bbox 1108 490 1157 544; x_wconf 83' lang='lat' dir='ltr'><strong>vt.</strong></span> <span class='ocrx_word' id='word_1_5' title='bbox 1374 487 1409 548; x_wconf 73' lang='lat' dir='ltr'><strong>(v.</strong></span> <span class='ocrx_word' id='word_1_6' title='bbox 1420 482 1482 540; x_wconf 66' lang='lat'><strong>⁸35¹«)</strong></span> 
     </span>
    </p>
   </div>
   <div class='ocr_carea' id='block_1_2' title="bbox 360 609 1463 4066">
    <p class='ocr_par' dir='ltr' id='par_1_2' title="bbox 430 609 1562 2148">
     <span class='ocr_line' id='line_1_2' title="bbox 433 609 1226 698; baseline 0 -20"><span class='ocrx_word' id='word_1_7' title='bbox 433 609 569 698; x_wconf 82' lang='lat' dir='ltr'>Gloria,</span> <span class='ocrx_word' id='word_1_8' title='bbox 590 611 753 680; x_wconf 84' lang='lat' dir='ltr'><strong>terrificos</strong></span> <span class='ocrx_word' id='word_1_9' title='bbox 772 612 920 682; x_wconf 88' lang='lat' dir='ltr'><strong>humeris</strong></span> <span class='ocrx_word' id='word_1_10' title='bbox 938 613 1066 683; x_wconf 88' lang='lat' dir='ltr'><strong>AEtolus</strong></span> <span class='ocrx_word' id='word_1_11' title='bbox 1085 614 1226 682; x_wconf 87' lang='lat' dir='ltr'><strong>amictus</strong></span> 
     </span>
     <span class='ocr_line' id='line_1_3' title="bbox 433 730 1339 826; baseline -0.001 -28"><span class='ocrx_word' id='word_1_12' title='bbox 433 730 588 815; x_wconf 70' lang='lat' dir='ltr'><strong>Eruitur,</strong></span> <span class='ocrx_word' id='word_1_13' title='bbox 607 733 820 826; x_wconf 86' lang='lat' dir='ltr'><strong>patriumque</strong></span> <span class='ocrx_word' id='word_1_14' title='bbox 838 757 931 802; x_wconf 90' lang='lat' dir='ltr'><strong>suem</strong></span> <span class='ocrx_word' id='word_1_15' title='bbox 954 760 961 801; x_wconf 94' lang='lat'><strong>:</strong></span> <span class='ocrx_word' id='word_1_16' title='bbox 983 732 1072 821; x_wconf 75' lang='lat' dir='ltr'><strong>levat</strong></span> <span class='ocrx_word' id='word_1_17' title='bbox 1088 735 1197 803; x_wconf 89' lang='lat' dir='ltr'><strong>ardua</strong></span> <span class='ocrx_word' id='word_1_18' title='bbox 1217 745 1339 800; x_wconf 89' lang='lat' dir='ltr'><strong>contra</strong></span> 
     </span>
     <span class='ocr_line' id='line_1_4' title="bbox 432 850 1276 949; baseline 0 -31"><span class='ocrx_word' id='word_1_19' title='bbox 432 851 604 938; x_wconf 78' lang='lat' dir='ltr'><strong>Membra,</strong></span> <span class='ocrx_word' id='word_1_20' title='bbox 625 850 786 922; x_wconf 80' lang='lat' dir='ltr'><strong>Cleonoeae</strong></span> <span class='ocrx_word' id='word_1_21' title='bbox 805 855 918 948; x_wconf 80' lang='lat' dir='ltr'><strong>stirpis</strong></span> <span class='ocrx_word' id='word_1_22' title='bbox 934 853 1081 946; x_wconf 80' lang='lat' dir='ltr'><strong>jactator</strong></span> <span class='ocrx_word' id='word_1_23' title='bbox 1099 852 1276 949; x_wconf 79' lang='lat' dir='ltr'>Agylleus,</span> 
     </span>
     <span class='ocr_line' id='line_1_5' title="bbox 431 969 1364 1068; baseline 0 -31"><span class='ocrx_word' id='word_1_24' title='bbox 431 969 597 1039; x_wconf 90' lang='lat' dir='ltr'><strong>Herculea</strong></span> <span class='ocrx_word' id='word_1_25' title='bbox 616 997 678 1040; x_wconf 89' lang='lat' dir='ltr'><strong>nee</strong></span> <span class='ocrx_word' id='word_1_26' title='bbox 697 972 784 1041; x_wconf 91' lang='lat' dir='ltr'><strong>mole</strong></span> <span class='ocrx_word' id='word_1_27' title='bbox 799 975 909 1042; x_wconf 92' lang='lat' dir='ltr'><strong>minor</strong></span> <span class='ocrx_word' id='word_1_28' title='bbox 925 999 933 1041; x_wconf 91' lang='lat'><strong>:</strong></span> <span class='ocrx_word' id='word_1_29' title='bbox 950 975 997 1042; x_wconf 94' lang='lat' dir='ltr'><strong>sic</strong></span> <span class='ocrx_word' id='word_1_30' title='bbox 1018 973 1200 1068; x_wconf 83' lang='lat' dir='ltr'>grandibus</span> <span class='ocrx_word' id='word_1_31' title='bbox 1217 969 1286 1043; x_wconf 86' lang='lat' dir='ltr'><strong>alte</strong></span> <span class='ocrx_word' id='word_1_32' title='bbox 1362 971 1364 977; x_wconf 73' lang='grc'>’</span> 
     </span>
     <span class='ocr_line' id='line_1_6' title="bbox 431 1092 1407 1189; baseline -0.002 -31"><span class='ocrx_word' id='word_1_33' title='bbox 431 1092 613 1186; x_wconf 88' lang='lat' dir='ltr'><strong>Insurgens</strong></span> <span class='ocrx_word' id='word_1_34' title='bbox 633 1092 798 1181; x_wconf 87' lang='lat' dir='ltr'><strong>humeris,</strong></span> <span class='ocrx_word' id='word_1_35' title='bbox 819 1094 988 1162; x_wconf 87' lang='lat' dir='ltr'><strong>hominem</strong></span> <span class='ocrx_word' id='word_1_36' title='bbox 1007 1119 1108 1188; x_wconf 87' lang='lat' dir='ltr'><strong>super</strong></span> <span class='ocrx_word' id='word_1_37' title='bbox 1127 1095 1302 1189; x_wconf 89' lang='lat' dir='ltr'><strong>improbus</strong></span> <span class='ocrx_word' id='word_1_38' title='bbox 1323 1092 1407 1156; x_wconf 81' lang='lat' dir='ltr'><strong>exit.</strong></span> 
     </span>
     <span class='ocr_line' id='line_1_7' title="bbox 431 1189 1371 1308; baseline -0.002 -27"><span class='ocrx_word' id='word_1_39' title='bbox 431 1211 496 1281; x_wconf 87' lang='lat' dir='ltr'><strong>Sed</strong></span> <span class='ocrx_word' id='word_1_40' title='bbox 515 1237 584 1281; x_wconf 93' lang='lat' dir='ltr'><strong>non</strong></span> <span class='ocrx_word' id='word_1_41' title='bbox 603 1210 659 1282; x_wconf 93' lang='lat' dir='ltr'><strong>ille</strong></span> <span class='ocrx_word' id='word_1_42' title='bbox 676 1214 779 1307; x_wconf 90' lang='lat' dir='ltr'><strong>rigor,</strong></span> <span class='ocrx_word' id='word_1_43' title='bbox 800 1215 1012 1307; x_wconf 85' lang='lat' dir='ltr'><strong>patriumque</strong></span> <span class='ocrx_word' id='word_1_44' title='bbox 1033 1217 1067 1283; x_wconf 89' lang='lat' dir='ltr'><strong>in</strong></span> <span class='ocrx_word' id='word_1_45' title='bbox 1086 1239 1227 1308; x_wconf 88' lang='lat' dir='ltr'><strong>corpore</strong></span> <span class='ocrx_word' id='word_1_46' title='bbox 1247 1189 1371 1282; x_wconf 83' lang='lat' dir='ltr'><strong>robirr.</strong></span> 
     </span>
     <span class='ocr_line' id='line_1_8' title="bbox 431 1332 1221 1430; baseline 0.001 -30"><span class='ocrx_word' id='word_1_47' title='bbox 431 1334 620 1402; x_wconf 83' lang='lat' dir='ltr'>Luxuriant</span> <span class='ocrx_word' id='word_1_48' title='bbox 639 1349 752 1422; x_wconf 88' lang='lat' dir='ltr'><strong>artus,</strong></span> <span class='ocrx_word' id='word_1_49' title='bbox 773 1333 946 1428; x_wconf 81' lang='lat' dir='ltr'><strong>effusaque</strong></span> <span class='ocrx_word' id='word_1_50' title='bbox 964 1336 1127 1430; x_wconf 90' lang='lat' dir='ltr'><strong>sanguine</strong></span> <span class='ocrx_word' id='word_1_51' title='bbox 1146 1332 1221 1402; x_wconf 84' lang='lat' dir='ltr'><strong>laxo</strong></span> 
     </span>
     <span class='ocr_line' id='line_1_9' title="bbox 430 1452 1365 1554; baseline 0 -34"><span class='ocrx_word' id='word_1_52' title='bbox 430 1452 583 1521; x_wconf 88' lang='lat' dir='ltr'><strong>Membra</strong></span> <span class='ocrx_word' id='word_1_53' title='bbox 602 1469 719 1522; x_wconf 85' lang='lat' dir='ltr'><strong>natant</strong></span> <span class='ocrx_word' id='word_1_54' title='bbox 739 1481 747 1522; x_wconf 77' lang='lat' dir='ltr'><strong>t</strong></span> <span class='ocrx_word' id='word_1_55' title='bbox 769 1452 846 1524; x_wconf 89' lang='lat' dir='ltr'><strong>inde</strong></span> <span class='ocrx_word' id='word_1_56' title='bbox 866 1455 936 1523; x_wconf 79' lang='lat' dir='ltr'><strong>haec</strong></span> <span class='ocrx_word' id='word_1_57' title='bbox 958 1452 1068 1522; x_wconf 84' lang='lat' dir='ltr'><strong>audax</strong></span> <span class='ocrx_word' id='word_1_58' title='bbox 1087 1452 1211 1522; x_wconf 90' lang='lat' dir='ltr'><strong>fiducia</strong></span> <span class='ocrx_word' id='word_1_59' title='bbox 1230 1468 1365 1554; x_wconf 86' lang='lat' dir='ltr'><strong>tantum</strong></span> 
     </span>
     <span class='ocr_line' id='line_1_10' title="bbox 432 1572 1443 1668; baseline 0 -28"><span class='ocrx_word' id='word_1_60' title='bbox 432 1572 575 1641; x_wconf 85' lang='lat' dir='ltr'><strong>OEnidae</strong></span> <span class='ocrx_word' id='word_1_61' title='bbox 594 1599 753 1668; x_wconf 88' lang='lat' dir='ltr'><strong>superare</strong></span> <span class='ocrx_word' id='word_1_62' title='bbox 772 1599 898 1667; x_wconf 85' lang='lat' dir='ltr'><strong>parem.</strong></span> <span class='ocrx_word' id='word_1_63' title='bbox 917 1575 1120 1667; x_wconf 77' lang='lat' dir='ltr'>Quanquam</span> <span class='ocrx_word' id='word_1_64' title='bbox 1139 1575 1209 1668; x_wconf 90' lang='lat' dir='ltr'><strong>ipse</strong></span> <span class='ocrx_word' id='word_1_65' title='bbox 1226 1572 1334 1640; x_wconf 87' lang='lat' dir='ltr'><strong>videri</strong></span> <span class='ocrx_word' id='word_1_66' title='bbox 1440 1603 1443 1608; x_wconf 95' lang='lat'>·</span> 
     </span>
     <span class='ocr_line' id='line_1_11' title="bbox 432 1691 1291 1790; baseline -0.005 -26"><span class='ocrx_word' id='word_1_67' title='bbox 432 1694 599 1788; x_wconf 85' lang='lat' dir='ltr'><strong>Exiguus,</strong></span> <span class='ocrx_word' id='word_1_68' title='bbox 621 1697 736 1790; x_wconf 91' lang='lat' dir='ltr'><strong>gravia</strong></span> <span class='ocrx_word' id='word_1_69' title='bbox 753 1720 829 1764; x_wconf 88' lang='lat' dir='ltr'><strong>ossa</strong></span> <span class='ocrx_word' id='word_1_70' title='bbox 844 1709 974 1781; x_wconf 91' lang='lat' dir='ltr'><strong>tamen,</strong></span> <span class='ocrx_word' id='word_1_71' title='bbox 996 1694 1160 1787; x_wconf 90' lang='lat' dir='ltr'><strong>nodisque</strong></span> <span class='ocrx_word' id='word_1_72' title='bbox 1177 1691 1291 1761; x_wconf 81' lang='lat' dir='ltr'><strong>lacerti</strong></span> 
     </span>
     <span class='ocr_line' id='line_1_12' title="bbox 432 1812 1388 1906; baseline -0.004 -23"><span class='ocrx_word' id='word_1_73' title='bbox 432 1813 621 1883; x_wconf 87' lang='lat' dir='ltr'><strong>Difficiles:</strong></span> <span class='ocrx_word' id='word_1_74' title='bbox 641 1838 814 1906; x_wconf 90' lang='lat' dir='ltr'><strong>nunquam</strong></span> <span class='ocrx_word' id='word_1_75' title='bbox 833 1814 923 1882; x_wconf 93' lang='lat' dir='ltr'><strong>hunc</strong></span> <span class='ocrx_word' id='word_1_76' title='bbox 942 1815 1091 1882; x_wconf 90' lang='lat' dir='ltr'><strong>animum</strong></span> <span class='ocrx_word' id='word_1_77' title='bbox 1111 1815 1240 1882; x_wconf 87' lang='lat' dir='ltr'><strong>Natura</strong></span> <span class='ocrx_word' id='word_1_78' title='bbox 1261 1812 1388 1880; x_wconf 88' lang='lat' dir='ltr'><strong>minori</strong></span> 
     </span>
     <span class='ocr_line' id='line_1_13' title="bbox 433 1927 1285 2028; baseline 0 -26"><span class='ocrx_word' id='word_1_79' title='bbox 433 1937 600 2028; x_wconf 82' lang='lat' dir='ltr'>Corpore,</span> <span class='ocrx_word' id='word_1_80' title='bbox 618 1958 681 2002; x_wconf 89' lang='lat' dir='ltr'><strong>nec</strong></span> <span class='ocrx_word' id='word_1_81' title='bbox 700 1949 808 2002; x_wconf 86' lang='lat' dir='ltr'><strong>tantas</strong></span> <span class='ocrx_word' id='word_1_82' title='bbox 829 1957 909 2003; x_wconf 85' lang='lat' dir='ltr'><strong>ausa</strong></span> <span class='ocrx_word' id='word_1_83' title='bbox 928 1949 978 2003; x_wconf 86' lang='lat' dir='ltr'><strong>est</strong></span> <span class='ocrx_word' id='word_1_84' title='bbox 999 1927 1169 2002; x_wconf 77' lang='lat' dir='ltr'><strong>includere</strong></span> <span class='ocrx_word' id='word_1_85' title='bbox 1189 1935 1285 2002; x_wconf 84' lang='lat' dir='ltr'><strong>vires.</strong></span> 
     </span>
     <span class='ocr_line' id='line_1_14' title="bbox 480 2052 1413 2148; baseline -0.001 -28"><span class='ocrx_word' id='word_1_86' title='bbox 480 2057 662 2145; x_wconf 89' lang='lat' dir='ltr'><strong>Postquam</strong></span> <span class='ocrx_word' id='word_1_87' title='bbox 682 2052 755 2121; x_wconf 91' lang='lat' dir='ltr'><strong>oleo</strong></span> <span class='ocrx_word' id='word_1_88' title='bbox 777 2055 892 2147; x_wconf 87' lang='lat' dir='ltr'><strong>gavisa</strong></span> <span class='ocrx_word' id='word_1_89' title='bbox 909 2055 1013 2138; x_wconf 89' lang='lat' dir='ltr'><strong>cutis,</strong></span> <span class='ocrx_word' id='word_1_90' title='bbox 1031 2055 1115 2148; x_wconf 87' lang='lat' dir='ltr'><strong>petit</strong></span> <span class='ocrx_word' id='word_1_91' title='bbox 1133 2077 1247 2146; x_wconf 77' lang='lat' dir='ltr'><strong>aequor</strong></span> <span class='ocrx_word' id='word_1_92' title='bbox 1268 2066 1413 2144; x_wconf 87' lang='lat' dir='ltr'><strong>uterque</strong></span> 
     </span>
    </p>

    <p class='ocr_par' dir='ltr' id='par_1_3' title="bbox 432 2173 1337 2868">
     <span class='ocr_line' id='line_1_15' title="bbox 435 2173 1337 2268; baseline -0.001 -26"><span class='ocrx_word' id='word_1_93' title='bbox 435 2175 602 2242; x_wconf 86' lang='lat' dir='ltr'><strong>Procursu</strong></span> <span class='ocrx_word' id='word_1_94' title='bbox 619 2173 785 2261; x_wconf 89' lang='lat' dir='ltr'><strong>medium,</strong></span> <span class='ocrx_word' id='word_1_95' title='bbox 808 2187 909 2268; x_wconf 89' lang='lat' dir='ltr'><strong>atque</strong></span> <span class='ocrx_word' id='word_1_96' title='bbox 928 2175 1047 2243; x_wconf 88' lang='lat' dir='ltr'><strong>hausta</strong></span> <span class='ocrx_word' id='word_1_97' title='bbox 1065 2175 1204 2242; x_wconf 87' lang='lat' dir='ltr'><strong>vestitur</strong></span> <span class='ocrx_word' id='word_1_98' title='bbox 1224 2197 1337 2241; x_wconf 87' lang='lat' dir='ltr'><strong>arena.</strong></span> 
     </span>
     <span class='ocr_line' id='line_1_16' title="bbox 432 2290 1264 2388; baseline 0 -28"><span class='ocrx_word' id='word_1_99' title='bbox 432 2295 519 2361; x_wconf 88' lang='lat' dir='ltr'><strong>Tum</strong></span> <span class='ocrx_word' id='word_1_100' title='bbox 537 2290 690 2362; x_wconf 88' lang='lat' dir='ltr'><strong>madidos</strong></span> <span class='ocrx_word' id='word_1_101' title='bbox 708 2307 799 2363; x_wconf 88' lang='lat' dir='ltr'><strong>artus</strong></span> <span class='ocrx_word' id='word_1_102' title='bbox 820 2293 949 2362; x_wconf 91' lang='lat' dir='ltr'><strong>alterno</strong></span> <span class='ocrx_word' id='word_1_103' title='bbox 968 2293 1105 2388; x_wconf 86' lang='lat' dir='ltr'><strong>pulvere</strong></span> <span class='ocrx_word' id='word_1_104' title='bbox 1120 2296 1264 2380; x_wconf 84' lang='lat' dir='ltr'><strong>siccant,</strong></span> 
     </span>
     <span class='ocr_line' id='line_1_17' title="bbox 432 2411 1275 2506; baseline 0 -24"><span class='ocrx_word' id='word_1_105' title='bbox 432 2411 593 2506; x_wconf 91' lang='lat' dir='ltr'><strong>Collaque</strong></span> <span class='ocrx_word' id='word_1_106' title='bbox 613 2414 798 2482; x_wconf 83' lang='lat' dir='ltr'><strong>demersere</strong></span> <span class='ocrx_word' id='word_1_107' title='bbox 818 2413 981 2501; x_wconf 77' lang='lat' dir='ltr'><strong>bumaria,</strong></span> <span class='ocrx_word' id='word_1_108' title='bbox 1001 2430 1034 2482; x_wconf 87' lang='lat' dir='ltr'><strong>et</strong></span> <span class='ocrx_word' id='word_1_109' title='bbox 1054 2414 1192 2483; x_wconf 90' lang='lat' dir='ltr'><strong>brachia</strong></span> <span class='ocrx_word' id='word_1_110' title='bbox 1210 2412 1275 2482; x_wconf 89' lang='lat' dir='ltr'><strong>late</strong></span> 
     </span>
     <span class='ocr_line' id='line_1_18' title="bbox 433 2533 1304 2628; baseline -0.002 -26"><span class='ocrx_word' id='word_1_111' title='bbox 433 2536 525 2602; x_wconf 85' lang='lat' dir='ltr'><strong>Vara</strong></span> <span class='ocrx_word' id='word_1_112' title='bbox 543 2547 666 2602; x_wconf 86' lang='lat' dir='ltr'><strong>tenent.</strong></span> <span class='ocrx_word' id='word_1_113' title='bbox 685 2537 758 2604; x_wconf 83' lang='lat' dir='ltr'><strong>lam</strong></span> <span class='ocrx_word' id='word_1_114' title='bbox 778 2548 859 2603; x_wconf 90' lang='lat' dir='ltr'><strong>tunc</strong></span> <span class='ocrx_word' id='word_1_115' title='bbox 877 2549 951 2603; x_wconf 90' lang='lat' dir='ltr'><strong>astu</strong></span> <span class='ocrx_word' id='word_1_116' title='bbox 968 2533 1102 2603; x_wconf 84' lang='lat' dir='ltr'><strong>deducit</strong></span> <span class='ocrx_word' id='word_1_117' title='bbox 1120 2535 1155 2602; x_wconf 88' lang='lat' dir='ltr'><strong>in</strong></span> <span class='ocrx_word' id='word_1_118' title='bbox 1172 2558 1304 2628; x_wconf 76' lang='lat' dir='ltr'><strong>aequum</strong></span> 
     </span>
     <span class='ocr_line' id='line_1_19' title="bbox 433 2650 1307 2750; baseline 0.002 -31"><span class='ocrx_word' id='word_1_119' title='bbox 433 2650 602 2740; x_wconf 85' lang='lat' dir='ltr'><strong>Callidus,</strong></span> <span class='ocrx_word' id='word_1_120' title='bbox 622 2667 656 2722; x_wconf 88' lang='lat' dir='ltr'><strong>et</strong></span> <span class='ocrx_word' id='word_1_121' title='bbox 674 2651 799 2722; x_wconf 89' lang='lat' dir='ltr'><strong>celsum</strong></span> <span class='ocrx_word' id='word_1_122' title='bbox 819 2670 1000 2749; x_wconf 78' lang='lat' dir='ltr'><strong>pincurvat</strong></span> <span class='ocrx_word' id='word_1_123' title='bbox 1018 2652 1155 2750; x_wconf 79' lang='lat' dir='ltr'><strong>Agyllea</strong></span> <span class='ocrx_word' id='word_1_124' title='bbox 1173 2652 1307 2747; x_wconf 86' lang='lat' dir='ltr'><strong>Tydeus</strong></span> 
     </span>
     <span class='ocr_line' id='line_1_20' title="bbox 433 2771 1260 2868; baseline 0.002 -30"><span class='ocrx_word' id='word_1_125' title='bbox 433 2771 624 2840; x_wconf 88' lang='lat' dir='ltr'><strong>Submissus</strong></span> <span class='ocrx_word' id='word_1_126' title='bbox 643 2787 757 2866; x_wconf 89' lang='lat' dir='ltr'><strong>tergo,</strong></span> <span class='ocrx_word' id='word_1_127' title='bbox 777 2789 812 2842; x_wconf 89' lang='lat' dir='ltr'><strong>et</strong></span> <span class='ocrx_word' id='word_1_128' title='bbox 832 2775 971 2868; x_wconf 84' lang='lat' dir='ltr'><strong>genibus</strong></span> <span class='ocrx_word' id='word_1_129' title='bbox 991 2775 1121 2846; x_wconf 90' lang='lat' dir='ltr'><strong>vicinus</strong></span> <span class='ocrx_word' id='word_1_130' title='bbox 1139 2797 1260 2842; x_wconf 85' lang='lat' dir='ltr'><strong>arenae.</strong></span> 
     </span>
    </p>

    <p class='ocr_par' dir='ltr' id='par_1_4' title="bbox 360 2871 1463 4066">
     <span class='ocr_line' id='line_1_21' title="bbox 360 2871 1272 2988; baseline 0.003 -29"><span class='ocrx_word' id='word_1_131' title='bbox 360 2871 362 2874; x_wconf 16' lang='grc' dir='ltr'>Ι</span> <span class='ocrx_word' id='word_1_132' title='bbox 479 2888 539 2960; x_wconf 95' lang='lat' dir='ltr'><strong>Ille</strong></span> <span class='ocrx_word' id='word_1_133' title='bbox 557 2906 685 2978; x_wconf 89' lang='lat' dir='ltr'><strong>autem,</strong></span> <span class='ocrx_word' id='word_1_134' title='bbox 705 2891 818 2986; x_wconf 87' lang='lat' dir='ltr'><strong>Alpini</strong></span> <span class='ocrx_word' id='word_1_135' title='bbox 838 2892 940 2961; x_wconf 88' lang='lat' dir='ltr'><strong>veluti</strong></span> <span class='ocrx_word' id='word_1_136' title='bbox 961 2895 1079 2988; x_wconf 88' lang='lat' dir='ltr'><strong>regina</strong></span> <span class='ocrx_word' id='word_1_137' title='bbox 1097 2917 1272 2988; x_wconf 82' lang='lat' dir='ltr'><strong>cupressus</strong></span> 
     </span>
     <span class='ocr_line' id='line_1_22' title="bbox 433 3010 1347 3105; baseline 0.004 -27"><span class='ocrx_word' id='word_1_138' title='bbox 433 3010 597 3094; x_wconf 89' lang='lat' dir='ltr'><strong>Verticis,</strong></span> <span class='ocrx_word' id='word_1_139' title='bbox 617 3026 775 3105; x_wconf 84' lang='lat' dir='ltr'><strong>urgentes</strong></span> <span class='ocrx_word' id='word_1_140' title='bbox 795 3015 957 3081; x_wconf 89' lang='lat' dir='ltr'><strong>cervicem</strong></span> <span class='ocrx_word' id='word_1_141' title='bbox 974 3011 1113 3081; x_wconf 90' lang='lat' dir='ltr'><strong>inclinat</strong></span> <span class='ocrx_word' id='word_1_142' title='bbox 1129 3014 1165 3080; x_wconf 90' lang='lat' dir='ltr'><strong>in</strong></span> <span class='ocrx_word' id='word_1_143' title='bbox 1181 3017 1347 3100; x_wconf 84' lang='lat' dir='ltr'><strong>Austros,</strong></span> 
     </span>
     <span class='ocr_line' id='line_1_23' title="bbox 432 3129 1294 3227; baseline 0.002 -29"><span class='ocrx_word' id='word_1_144' title='bbox 432 3131 499 3198; x_wconf 80' lang='lat' dir='ltr'><strong>Vix</strong></span> <span class='ocrx_word' id='word_1_145' title='bbox 515 3153 585 3197; x_wconf 89' lang='lat' dir='ltr'><strong>sese</strong></span> <span class='ocrx_word' id='word_1_146' title='bbox 605 3129 717 3198; x_wconf 86' lang='lat' dir='ltr'><strong>radice</strong></span> <span class='ocrx_word' id='word_1_147' title='bbox 737 3147 870 3220; x_wconf 87' lang='lat' dir='ltr'><strong>tenens,</strong></span> <span class='ocrx_word' id='word_1_148' title='bbox 891 3148 1052 3226; x_wconf 71' lang='lat' dir='ltr'><strong>terraque</strong></span> <span class='ocrx_word' id='word_1_149' title='bbox 1068 3135 1294 3227; x_wconf 89' lang='lat' dir='ltr'><strong>propinquat,</strong></span> 
     </span>
     <span class='ocr_line' id='line_1_24' title="bbox 431 3247 1325 3336; baseline 0.004 -20"><span class='ocrx_word' id='word_1_150' title='bbox 431 3247 634 3317; x_wconf 87' lang='lat' dir='ltr'><strong>Jamdudum</strong></span> <span class='ocrx_word' id='word_1_151' title='bbox 652 3250 803 3320; x_wconf 82' lang='lat' dir='ltr'><strong>aetherias</strong></span> <span class='ocrx_word' id='word_1_152' title='bbox 824 3251 1109 3321; x_wconf 72' lang='lat' dir='ltr'><strong>eadem&#39;reditura</strong></span> <span class='ocrx_word' id='word_1_153' title='bbox 1128 3253 1188 3322; x_wconf 89' lang='lat' dir='ltr'><strong>suh</strong></span> <span class='ocrx_word' id='word_1_154' title='bbox 1206 3275 1325 3336; x_wconf 86' lang='lat' dir='ltr'><strong>auras;</strong></span> 
     </span>
     <span class='ocr_line' id='line_1_25' title="bbox 433 3369 1275 3466; baseline 0.004 -29"><span class='ocrx_word' id='word_1_155' title='bbox 433 3370 511 3437; x_wconf 88' lang='lat' dir='ltr'><strong>Non</strong></span> <span class='ocrx_word' id='word_1_156' title='bbox 531 3392 625 3437; x_wconf 90' lang='lat' dir='ltr'><strong>secus</strong></span> <span class='ocrx_word' id='word_1_157' title='bbox 647 3371 796 3463; x_wconf 84' lang='lat' dir='ltr'><strong>ingentes</strong></span> <span class='ocrx_word' id='word_1_158' title='bbox 816 3386 908 3439; x_wconf 91' lang='lat' dir='ltr'><strong>artus</strong></span> <span class='ocrx_word' id='word_1_159' title='bbox 926 3371 1100 3465; x_wconf 71' lang='lat' dir='ltr'><strong>praecelsus</strong></span> <span class='ocrx_word' id='word_1_160' title='bbox 1120 3369 1275 3466; x_wconf 81' lang='lat' dir='ltr'><strong>Agylleus</strong></span> 
     </span>
     <span class='ocr_line' id='line_1_26' title="bbox 434 3489 1462 3585; baseline 0.001 -31"><span class='ocrx_word' id='word_1_161' title='bbox 434 3491 562 3580; x_wconf 86' lang='lat' dir='ltr'><strong>Sponte</strong></span> <span class='ocrx_word' id='word_1_162' title='bbox 570 3490 707 3582; x_wconf 86' lang='lat' dir='ltr'><strong>premit,</strong></span> <span class='ocrx_word' id='word_1_163' title='bbox 719 3514 926 3584; x_wconf 87' lang='lat' dir='ltr'><strong>parvumque</strong></span> <span class='ocrx_word' id='word_1_164' title='bbox 936 3516 1069 3584; x_wconf 89' lang='lat' dir='ltr'><strong>gemens</strong></span> <span class='ocrx_word' id='word_1_165' title='bbox 1080 3489 1271 3585; x_wconf 86' lang='lat' dir='ltr'><strong>duplicatur</strong></span> <span class='ocrx_word' id='word_1_166' title='bbox 1280 3491 1318 3562; x_wconf 88' lang='lat' dir='ltr'><strong>in</strong></span> <span class='ocrx_word' id='word_1_167' title='bbox 1329 3491 1462 3560; x_wconf 87' lang='lat' dir='ltr'><strong>hostem:</strong></span> 
     </span>
     <span class='ocr_line' id='line_1_27' title="bbox 432 3608 1463 3705; baseline 0.004 -31"><span class='ocrx_word' id='word_1_168' title='bbox 432 3608 550 3700; x_wconf 90' lang='lat' dir='ltr'><strong>Etjam</strong></span> <span class='ocrx_word' id='word_1_169' title='bbox 561 3608 688 3676; x_wconf 86' lang='lat' dir='ltr'><strong>alterna</strong></span> <span class='ocrx_word' id='word_1_170' title='bbox 696 3634 826 3695; x_wconf 87' lang='lat' dir='ltr'><strong>manus,</strong></span> <span class='ocrx_word' id='word_1_171' title='bbox 835 3609 1056 3704; x_wconf 88' lang='lat' dir='ltr'><strong>frontemque,</strong></span> <span class='ocrx_word' id='word_1_172' title='bbox 1065 3613 1302 3705; x_wconf 87' lang='lat' dir='ltr'><strong>humerosque,</strong></span> <span class='ocrx_word' id='word_1_173' title='bbox 1311 3611 1463 3702; x_wconf 87' lang='lat' dir='ltr'><strong>latusque,</strong></span> 
     </span>
     <span class='ocr_line' id='line_1_28' title="bbox 432 3725 1347 3823; baseline 0.004 -28"><span class='ocrx_word' id='word_1_174' title='bbox 432 3725 613 3820; x_wconf 88' lang='lat' dir='ltr'><strong>Collaque,</strong></span> <span class='ocrx_word' id='word_1_175' title='bbox 632 3744 847 3823; x_wconf 86' lang='lat' dir='ltr'><strong>pectoraque,</strong></span> <span class='ocrx_word' id='word_1_176' title='bbox 865 3745 899 3799; x_wconf 88' lang='lat' dir='ltr'><strong>et</strong></span> <span class='ocrx_word' id='word_1_177' title='bbox 917 3732 1058 3800; x_wconf 83' lang='lat' dir='ltr'><strong>vitantia</strong></span> <span class='ocrx_word' id='word_1_178' title='bbox 1076 3755 1175 3801; x_wconf 89' lang='lat' dir='ltr'><strong>crura</strong></span> <span class='ocrx_word' id='word_1_179' title='bbox 1191 3728 1347 3800; x_wconf 85' lang='lat' dir='ltr'><strong>lacessit:</strong></span> 
     </span>
     <span class='ocr_line' id='line_1_29' title="bbox 432 3845 1219 3946; baseline 0.008 -32"><span class='ocrx_word' id='word_1_180' title='bbox 432 3845 671 3940; x_wconf 85' lang='lat' dir='ltr'><strong>Interdumque</strong></span> <span class='ocrx_word' id='word_1_181' title='bbox 689 3848 747 3916; x_wconf 91' lang='lat' dir='ltr'><strong>diu</strong></span> <span class='ocrx_word' id='word_1_182' title='bbox 768 3848 914 3944; x_wconf 88' lang='lat' dir='ltr'><strong>pendent</strong></span> <span class='ocrx_word' id='word_1_183' title='bbox 932 3875 994 3946; x_wconf 90' lang='lat' dir='ltr'><strong>per</strong></span> <span class='ocrx_word' id='word_1_184' title='bbox 1009 3867 1127 3920; x_wconf 90' lang='lat' dir='ltr'><strong>mutua</strong></span> <span class='ocrx_word' id='word_1_185' title='bbox 1145 3851 1219 3920; x_wconf 86' lang='lat' dir='ltr'><strong>fulti</strong></span> 
     </span>
     <span class='ocr_line' id='line_1_30' title="bbox 432 3964 1335 4066; baseline 0.009 -36"><span class='ocrx_word' id='word_1_186' title='bbox 432 3964 591 4050; x_wconf 87' lang='lat' dir='ltr'><strong>Brachia,</strong></span> <span class='ocrx_word' id='word_1_187' title='bbox 614 3992 702 4036; x_wconf 89' lang='lat' dir='ltr'><strong>nunc</strong></span> <span class='ocrx_word' id='word_1_188' title='bbox 721 3970 796 4036; x_wconf 82' lang='lat' dir='ltr'><strong>saevi</strong></span> <span class='ocrx_word' id='word_1_189' title='bbox 814 3969 996 4064; x_wconf 86' lang='lat' dir='ltr'><strong>digitorum</strong></span> <span class='ocrx_word' id='word_1_190' title='bbox 1015 3969 1146 4040; x_wconf 87' lang='lat' dir='ltr'><strong>vincula</strong></span> <span class='ocrx_word' id='word_1_191' title='bbox 1165 3971 1335 4066; x_wconf 83' lang='lat' dir='ltr'><strong>frangunt.</strong></span> 
     </span>
    </p>
   </div>
   <div class='ocr_carea' id='block_1_3' title="bbox 479 4085 1334 4186">
    <p class='ocr_par' dir='ltr' id='par_1_5' title="bbox 479 4085 1334 4186">
     <span class='ocr_line' id='line_1_31' title="bbox 479 4085 1334 4186; baseline 0.002 -30"><span class='ocrx_word' id='word_1_192' title='bbox 479 4085 557 4156; x_wconf 85' lang='lat' dir='ltr'><strong>Non</strong></span> <span class='ocrx_word' id='word_1_193' title='bbox 578 4088 625 4156; x_wconf 86' lang='lat' dir='ltr'><strong>sic</strong></span> <span class='ocrx_word' id='word_1_194' title='bbox 645 4087 800 4162; x_wconf 88' lang='lat' dir='ltr'><strong>ductores</strong></span> <span class='ocrx_word' id='word_1_195' title='bbox 819 4093 940 4184; x_wconf 90' lang='lat' dir='ltr'><strong>gemini</strong></span> <span class='ocrx_word' id='word_1_196' title='bbox 960 4094 1070 4186; x_wconf 88' lang='lat' dir='ltr'><strong>gregis</strong></span> <span class='ocrx_word' id='word_1_197' title='bbox 1089 4090 1225 4159; x_wconf 92' lang='lat' dir='ltr'><strong>horrida</strong></span> <span class='ocrx_word' id='word_1_198' title='bbox 1246 4092 1334 4160; x_wconf 86' lang='lat' dir='ltr'><strong>tauri</strong></span> 
     </span>
    </p>
   </div>
   <div class='ocr_carea' id='block_1_4' title="bbox 0 0 1590 5142">
    <p class='ocr_par' dir='ltr' id='par_1_6' title="bbox 0 0 1590 5142">
     <span class='ocr_line' id='line_1_32' title="bbox 0 0 1590 5142; baseline 0 0"><span class='ocrx_word' id='word_1_199' title='bbox 0 0 1590 5142; x_wconf 95' lang='lat' dir='ltr'><strong> </strong></span> 
     </span>
    </p>
   </div>
  </div>
 </body>
</html>
