3080 5136
368 454 425 522 344
747 451 1045 508 muorsrrottrs

408 572 594 644 Pressumque
609 563 697 623 romu
711 563 749 644 (v.
765 564 844 644 320).
859 566 893 622 ld
907 577 950 622 est
963 585 1143 641 expressum,
1159 579 1193 625 ut
1205 569 1301 625 Gloss

407 666 477 739 Ipsa
490 663 561 717 dedi
573 662 678 717 beilum
697 657 736 738 (v.
753 657 832 736 336).
849 661 904 716 ΜΒ
919 670 948 714 et
962 659 1034 715 alius
1048 679 1055 716 :
1069 661 1151 717 bello.

405 757 553 829 Parvaque
566 767 656 810 torum
670 753 808 826 Polynice
813 751 919 826 fovebo
938 750 978 829 (v.
994 751 1074 830 348).
1089 755 1241 810 «solabor
1255 753 1433 809 viduitatem

367 867 458 905 meam
473 847 658 904 similitudine
674 856 724 902 tur
739 843 802 923 [tuo
818 844 880 900 lilio
897 845 1095 918 lhcrsaudro,
1113 858 1147 902 ut
1161 850 1306 923 parvulus
1321 850 1434 901 AEreeas

369 961 415 1017 ap.
424 941 523 1017 virg„
537 959 577 1011 rr,
592 939 660 1010 327,
675 940 808 995 stolium
823 939 983 1007 Achillem,
999 939 1088 1008 Aah,
1106 959 1135 1011 1,
1148 937 1233 1016 322},
1249 959 1306 996 nec
1323 958 1434 996 secuu-

366 1035 418 1091 das
430 1033 547 1108 nuptias
562 1032 712 1106 superstite
728 1029 790 1087 filio
805 1031 952 1105 cupiam.»
970 1031 1057 1086 Lacr.

374 1121 378 1130 ’
410 1127 548 1200 Tempore
565 1125 684 1180 tiromrri
695 1121 735 1202 (v.
746 1120 827 1201 ³51).
842 1124 897 1178 ΜΒ
912 1133 940 1179 et
954 1122 1027 1180 alius
1042 1143 1049 1178 :
1064 1125 1324 1199 tempusinomrre.
1341 1127 1430 1180 Male.
1483 1187 1487 1192 ,

406 1221 464 1275 Pro
478 1235 540 1274 sors
554 1219 657 1293 ignara
670 1215 707 1294 (r.
724 1215 811 1293 382)1
825 1217 923 1272 Barth.
939 1240 955 1267 ι
961 1215 1031 1286 fhrs
1043 1215 1101 1292 ign.
1110 1260 1120 1288 ,
1129 1241 1145 1269 s
1159 1237 1176 1274 e
1189 1218 1280 1275 codd.
1292 1218 1433 1294 vestigiis.

409 1311 502 1378 Cedo,
518 1310 576 1366 terr'
587 1311 681 1384 pudet
697 1307 728 1388 (r
742 1305 832 1387 3810?
846 1308 940 1365 Codd.
958 1327 1078 1364 omnes:
1097 1321 1169 1366 terre.
1184 1311 1272 1368 Unde
1288 1312 1388 1367 Barth.
1405 1322 1435 1365 et

367 1405 458 1459 Gron.
474 1423 482 1457 ι
497 1400 608 1471 scedo,
621 1414 684 1458 terre
697 1421 706 1455 :
720 1399 827 1475 pudet!
841 1401 899 1456 heu
915 1419 943 1476 p.
957 1423 969 1450 υ
988 1402 1143 1458 «Ceterum
1156 1421 1232 1480 ego,
1252 1422 1323 1477 quz
1335 1403 1434 1459 adhuc

366 1496 468 1571 putavi
485 1513 562 1551 meas
577 1509 637 1550 esse
658 1493 766 1567 primas
778 1503 874 1566 partes
888 1503 917 1548 et
929 1493 1024 1549 luctus
1043 1503 1073 1549 et
1090 1492 1181 1550 officii
1201 1514 1272 1571 erga
1295 1495 1434 1563 nauem,

366 1607 444 1644 nuuc
458 1607 476 1644 a
492 1598 522 1644 te
534 1587 640 1642 rictam
653 1603 713 1642 esse
731 1603 778 1641 me
787 1584 888 1656 fateor,
897 1584 1009 1660 tibique
1022 1587 1167 1658 concedo,
1184 1587 1252 1662 que
1267 1600 1330 1644 tam
1344 1590 1433 1662 longo

366 1681 469 1736 itinere
487 1679 570 1755 prior
591 1689 687 1734 tamen
713 1677 789 1734 ades.
813 1679 858 1734 Tu
873 1677 972 1751 potins
986 1690 1048 1734 terre
1069 1689 1099 1734 et
1121 1681 1299 1754 amplectere
1317 1681 1407 1736 funus
1426 1703 1433 1734 z

368 1771 451 1847 quod
461 1783 494 1827 ut
506 1782 634 1828 tenerem
643 1770 704 1844 ipsa
717 1779 944 1844 mactaremque,
958 1768 1029 1825 dum
1037 1789 1194 1844 suppremo
1201 1770 1308 1828 officio
1315 1774 1433 1842 mando,

367 1865 449 1932 veni,
457 1863 508 1920 sed
515 1881 579 1919 sero
587 1862 759 1936 tardeque.»
767 1861 956 1936 cros-su
964 1880 1050 1918 versu
1057 1863 1221 1919 Barthinni:
1232 1889 1246 1914 ι
1258 1864 1433 1938 haecprior:

367 1957 434 2013 hiric
447 1956 596 2032 pariter,...
605 1955 780 2030 junctoque.
791 1977 807 2005 s
825 1956 958 2025 Quorum
973 1953 1046 2012 illud
1059 1966 1137 2012 certe
1148 1955 1363 2030 recipiendum.

407 2051 536 2106 Excelsa
549 2049 679 2103 sublirm’s
693 2047 732 2124 (r.
745 2045 823 2126 398).
838 2049 894 2102 ΜΒ
912 2066 920 2100 :
935 2050 1061 2104 -ecetsa
1078 2068 1100 2104 s.
1115 2071 1131 2100 s
1147 2080 1187 2091 —
1206 2051 1297 2118 Post,
1313 2069 1342 2104 v.
1361 2057 1433 2116 404,

368 2142 443 2199 idem
460 2161 526 2198 cum
542 2141 577 2196 al.
597 2151 625 2196 et
637 2142 709 2216 Reg.
733 2159 745 2196 r
763 2159 770 2194 :
789 2139 933 2196 «reddere
938 2139 1052 2211 sata„
1070 2141 1153 2216 quod
1165 2160 1273 2198 rerum
1286 2141 1414 2198 videtur.

413 2233 471 2289 Vir:
486 2234 553 2289 dum
568 2233 618 2289 ille
632 2229 669 2308 (r.
688 2229 766 2309 4ι4).
781 2233 853 2306 Reg.
873 2251 885 2287 1
904 2233 981 2289 :uic
994 2234 1058 2301 ille,
1074 2233 1136 2290 siue
1148 2235 1233 2304 dum,
1251 2234 1433 2309 qualimodo

369 2345 444 2402 saepe
453 2325 560 2383 Statius
576 2323 608 2381 in
621 2324 666 2380 his
680 2323 841 2380 structuris.

409 2422 533 2494 Altaque
543 2430 616 2474 tecta
630 2415 669 2495 (r.
691 2416 770 2495 ll7)·
785 2419 841 2474 ΜΒ
860 2437 867 2472 :
887 2429 974 2474 tesca.
983 2417 1017 2473 V.
1036 2417 1073 2474 ad
1086 2418 1170 2486 Sile,
1188 2439 1230 2490 n,
1252 2419 1288 2490 3,
1306 2427 1353 2486 ι4.

409 2510 575 2587 Ambigitur
587 2507 625 2586 (v.
643 2506 722 2586 456).
737 2508 825 2564 Multi
841 2509 927 2574 codd.
943 2530 951 2564 :
969 2510 1108 2566 Ambitur.
1125 2510 1236 2567 Scholl.
1255 2531 1295 2564 :a
1310 2522 1432 2567 conterr-

367 2603 481 2660 ditur.»

415 2693 578 2750 linirentur
592 2692 631 2771 (v.
656 2690 735 2771 463).
762 2694 873 2765 «Quasi
896 2703 993 2751 tantus
1013 2705 1085 2751 esset
1103 2694 1260 2751 mulierum
1283 2696 1385 2767 ardor,
1401 2706 1434 2752 ut

370 2787 503 2846 satellites
515 2787 595 2863 ipsos
609 2786 646 2844 ad
659 2771 757 2863 regem
771 2788 919 2844 traherent
937 2788 1037 2861 potius
1051 2807 1138 2863 quem
1150 2787 1249 2844 inritae
1270 2809 1432 2866 sequeren-

370 2893 426 2937 tur.
447 2880 553 2937 Similis
575 2879 718 2937 sententia
740 2899 787 2954 ap.
813 2883 963 2952 Juvenal,
984 2899 1065 2954 xrn,
1095 2880 1159 2938 roll.
1172 2905 1185 2931 υ
1208 2884 1311 2939 Geor.
1340 2885 1431 2941 Codd

370 2991 444 3030 reco.
462 2993 469 3028 :
485 2973 643 3030 trahebant.
864 3025 877 3036 ,

414 3066 516 3122 Omnis
528 3075 558 3120 et
569 3065 677 3121 Actaeis
697 3062 795 3137 effusa
808 3065 962 3139 peractae
978 3062 1017 3141 (r.
1037 3065 1116 3143 47ι).
1139 3067 1377 3140 Reponeudnm,
1391 3071 1433 3125 rel

371 3161 453 3215 obv.
478 3157 553 3230 464,
575 3156 655 3232 quod
678 3157 709 3212 in
733 3156 849 3231 optimis
869 3155 1146 3234 Heinsii(Adv.1v,
1169 3178 1194 3214 c.
1210 3157 1251 3235 α),
1277 3177 1295 3214 ²
1317 3163 1435 3233 Barth,

370 3253 448 3322 rut,
461 3251 532 3326 lieg.
548 3267 565 3304 a
588 3247 615 3325 (1
627 3246 655 3324 i)
670 3248 835 3304 invenitur:
850 3272 866 3300 e
876 3251 977 3306 Omnis
992 3251 1160 3306 Erechtheis
1174 3250 1222 3306 eff.
1233 3273 1248 3301 s

414 3341 500 3402 Nulla
520 3342 668 3396 decurtavit
684 3353 754 3397 uota
769 3345 884 3417 repulsa
900 3341 937 3418 (v.
956 3339 1034 3419 484).
1055 3343 1111 3398 ΜΒ
1133 3344 1235 3397 :nulli

411 3435 565 3492 Lr'hcmirra
580 3445 659 3488 serta
673 3417 819 3489 comarum
829 3431 867 3512 (v.
886 3433 965 3514 489).
977 3434 1168 3492 Scrihcndum
1178 3434 1303 3492 omnino
1311 3455 1349 3493 ex
1365 3440 1436 3494 Bar*

371 3527 424 3583 thii
438 3526 586 3598 omuibus,
599 3527 649 3582 PR
668 3545 675 3579 :
691 3549 706 3578 e
719 3527 739 3582 l.
756 3539 835 3582 secta
849 3546 946 3583 com.»

412 3621 517 3676 Forma
527 3621 603 3675 Dece
616 3617 655 3696 (v.
672 3617 753 3697 494).
771 3637 788 3675 a
803 3620 930 3691 Behott.,
944 3623 982 3677 Pr
998 3640 1005 3676 :
1021 3622 1076 3677 eli.
1091 3621 1154 3676 Dei.
1165 3643 1181 3672 s

416 3709 553 3785 Erfurtus
570 3713 693 3786 Olynthi
707 3713 793 3767 Tecit
809 3710 847 3790 (v.
864 3711 922 3770 510
940 3713 1004 3792 sq.).
1021 3715 1102 3770 Bona
1117 3712 1176 3770 fide
1195 3715 1377 3789 interpretes
1399 3717 1434 3772 ad

373 3822 464 3860 unum
490 3823 589 3860 onmes
613 3803 704 3860 secuti
729 3813 797 3860 suut
825 3806 1028 3878 Lactantium,
1058 3805 1110 3881 qui
1138 3807 1177 3863 de
1203 3808 1356 3883 Olynthiis
1375 3811 1434 3864 haec

371 3897 590 3970 interpretamur,
604 3896 642 3952 ad
656 3895 858 3952 misericordiae
871 3916 949 3954 aram
964 3898 1211 3976 confligieutibus,
1227 3919 1322 3974 quum
1337 3913 1434 3976 spreta

375 3989 590 4046 Atheniensium
605 3989 740 4046 societate
754 4009 783 4045 se
798 3990 933 4066 Philippo
947 3991 1009 4070 regi
1023 3991 1217 4048 tradidissent.
1228 3994 1324 4062 Quod
1338 3997 1435 4051 multis

375 4081 543 4139 nominihus
559 4083 644 4139 etium
665 4083 695 4139 in
713 4081 861 4140 historiam
884 4095 991 4158 peccat.
1012 4083 1147 4141 Dubitari
1164 4104 1227 4140 non
1247 4096 1344 4160 potest
1365 4089 1435 4164 quin
