3192 5148
494 515 657 572 NOTITIA
678 515 918 575 mutuatus
1218 533 1236 567 v

180 665 239 733 per
262 637 488 718 femmodum
508 663 677 733 egressus,
703 665 810 734 eoque
828 643 901 735 ipso
925 637 1082 727 inferior,
1108 640 1236 735 quode

109 807 114 819 ·
177 763 308 855 ntagnis
331 762 510 848 tumentia,
536 786 555 830 e
583 759 799 840 mirabilibus¹
825 762 1016 852 opattam
1037 775 1071 830 et
1094 760 1236 857 puerilia

177 881 290 952 effecit
303 883 355 950 ’.υ
374 885 445 951 Suo
462 895 613 976 tempore
633 883 751 974 quanti
769 881 871 951 luerit
883 883 1035 968 habitus,
1052 881 1235 952 ostendunt

178 1028 294 1072 versus
310 999 498 1091 luvenalis,
523 1025 591 1089 vu,
614 1001 659 1072 82
682 1025 756 1095 sqq.
777 1027 784 1068 :

301 1195 433 1252 Curritur
447 1195 485 1251 ad
498 1213 599 1252 vocem
611 1195 770 1268 jucundam
784 1207 812 1252 et
826 1215 941 1253 cannen
954 1197 1049 1253 andcae

299 1287 476 1360 Thebaidos,
490 1289 582 1344 laetam
596 1289 663 1346 iecit
677 1309 768 1364 quum
782 1291 888 1346 Statius
901 1291 1025 1360 Urbem,

298 1381 490 1456 Promisitque
504 1381 581 1438 diem
595 1401 603 1440 t
618 1391 696 1438 tanta
713 1381 866 1438 dulcedine
879 1393 981 1456 captos

301 1471 398 1528 afficit
411 1473 459 1535 illc
472 1473 596 1544 animos,
611 1484 748 1549 tantaque
763 1475 884 1532 libidine
897 1474 977 1550 vulgi

300 1565 442 1622 Auditur!
457 1567 507 1622 sed
520 1585 612 1642 quum
625 1567 711 1643 fregit
725 1567 857 1623 subsellia
872 1586 973 1638 versu,
1016 1623 1018 1628 .

299 1659 411 1728 Esurit‚
426 1658 562 1715 intactam
576 1658 672 1715 Paridi
689 1659 744 1715 nisi
758 1661 866 1715 vendat
879 1663 1005 1734 Agaven.

179 1836 207 1902 Ι.
234 1860 263 1903 e.
285 1836 351 1902 nisi
370 1833 582 1926 tragoediam,
606 1833 758 1904 nondum
788 1837 821 1902 in
844 1859 942 1904 scena
966 1833 1164 1920 exhibitam,
1185 1833 1237 1900 bi-

179 1953 364 2023 strionibus
382 1954 425 2022 ad
445 1953 613 2047 agendum
632 1953 777 2042 vendat,
799 1956 911 2048 itaque
936 1977 1116 2048 pauperem
1134 1953 1237 2021 vitam

179 2088 353 2142 sustentet.

228 2199 280 2264 Ex
302 2197 434 2290 scriptis
449 2197 548 2266 Statii
567 2211 697 2267 aetutem
718 2193 870 2264 tulerunt

229 2321 254 2386 l.
282 2318 468 2387 Srnvsausr
489 2317 571 2387 libri
596 2322 642 2402 V,
671 2319 741 2388 sive
755 2315 908 2386 collectio
935 2319 1144 2405 carminum,
1163 2342 1238 2410 quae

179 2436 232 2507 vel
256 2439 291 2507 in
320 2439 552 2534 imperatoris,
580 2437 632 2508 vel
658 2439 692 2507 in
714 2440 899 2508 amicorum
918 2439 1075 2531 gratiam,
1094 2437 1147 2506 vel
1172 2436 1238 2506 alia

179 2585 392 2654 quacumque
413 2561 589 2634 occasione
608 2559 720 2629 oblata
738 2562 840 2629 variis
860 2560 1068 2655 temporibus
1092 2561 1235 2654 scripsit.

178 2679 336 2774 Epistolae
355 2679 398 2748 ab
427 2682 500 2777 ipso
519 2658 660 2774 singulis
686 2680 779 2750 libris
800 2683 977 2775 praemissae
1000 2705 1116 2749 eorum
1134 2681 1237 2773 origi-

178 2825 257 2868 nem
276 2800 437 2884 indicant.
459 2803 626 2890 Quintum
645 2801 768 2870 librum
796 2803 867 2896 ipse
886 2803 982 2870 vivus
1003 2799 1145 2871 edidisse
1166 2823 1235 2868 non

160 2921 324 3008 uidetur,
350 2922 408 2992 sed
432 2938 604 3017 postcom
633 2925 740 2992 amica
763 2921 876 3017 aliqua
894 2947 1013 2991 manus
1037 2947 1044 2988 :
1069 2945 1147 2990 nam
1167 2945 1238 2990 car-

178 3043 271 3110 mina
285 3040 415 3136 aliquot
432 3043 583 3113 continet
601 3068 764 3138 perquam
783 3042 988 3136 imperfecta.

227 3164 273 3231 11.
293 3165 502 3234 Tnsnnnos
522 3163 600 3232 libri
616 3167 703 3249 XII,
723 3188 824 3255 quarn
848 3165 919 3258 ipse
935 3161 1019 3231 dicit
1037 3186 1098 3256 per
1112 3161 1238 3231 duode-

178 3284 245 3366 cim
262 3305 370 3351 annos
381 3257 526 3354 assidua
543 3283 623 3354 leina
640 3285 831 3368 croct'assc;
849 3298 882 3352 et
897 3259 1182 3352 immortalitatem
1196 3305 1237 3350 ex

219 3500 234 3528 '
247 3503 454 3559 Recentiorum
468 3503 579 3577 judicia
593 3505 629 3561 de
649 3505 742 3562 Statio
757 3505 781 3562 si
799 3505 958 3576 desideras,
978 3503 1045 3559 vide
1058 3504 1100 3559 La
1117 3503 1236 3572 Harrr,

180 3593 268 3649 <hun
285 3593 323 3650 de
343 3597 519 3665 litterature,
545 3607 620 3670 part.
640 3617 670 3668 1,
687 3599 732 3654 cb.
756 3607 789 3668 4,
810 3611 878 3656 sect.
902 3617 935 3668 u;
955 3601 1128 3666 Vocramn,
1150 3596 1239 3649 Essai

177 3705 230 3740 sur
248 3689 278 3740 Ia
290 3690 389 3760 podsie
404 3690 523 3764 ept'que,
539 3709 563 3746 c.
582 3698 615 3760 l,
630 3690 709 3759 init.;
729 3692 887 3764 pracsertim
906 3693 1042 3760 Naunur,
1056 3686 1236 3762 Brbgrapltie

179 3778 360 3848 universale,
377 3791 396 3836 t.
412 3800 506 3852 nur,
521 3782 584 3838 sub.
599 3802 626 3838 v.
646 3784 748 3840 Srncr.
768 3784 848 3839 Inter
861 3786 1035 3852 Genusum,
1050 3783 1154 3836 Mauso
1169 3779 1236 3853 epi-

178 3889 229 3927 cos
242 3883 344 3944 poetas
355 3891 505 3944 romanos,
520 3874 572 3947 qui
585 3885 652 3948 post
667 3874 822 3951 Virgilium
835 3875 953 3932 memrot
958 3915 967 3945 ,
980 3873 1056 3930 inter
1070 3891 1099 3928 se
1114 3871 1237 3928 contulit

176 3961 210 4020 iu
231 3965 289 4020 vol.
313 3985 371 4020 vrrr
387 3966 476 4022 libri:
494 3967 667 4042 Nachtroege
687 3985 721 4024 zu
743 3967 853 4023 Sulaers
870 3967 1110 4041 Euryclopoedie,·
1133 3973 1237 4038 praeter

176 4057 256 4112 bunc
278 4057 447 4114 consulendi
460 4060 599 4116 Hermus
616 4059 647 4114 in
671 4058 839 4132 praelatione
862 4057 929 4116 edit.
959 4051 1114 4124 Silvanum,
1133 4058 1234 4112 Bm-

179 4167 299 4217 unnr,
320 4149 479 4206 lioemisrlac
496 4151 816 4226 Littcrcturgasclrt'cbte.
