3192 5148
400 467 437 533 ⁵4
623 480 626 498 ·
761 471 791 524 Ρ.
814 467 937 528 runnu
957 469 1080 528 sTuTtl
1363 477 1431 534 tm)

398 591 537 685 Quique
557 591 658 660 refert
674 593 818 687 jungens
838 594 956 661 iterata
976 589 1137 660 vocabula
1158 590 1293 685 perdix3
1343 595 1347 604 '

398 714 441 780 Et
461 735 534 804 quae
553 711 703 780 Bistonio
724 713 877 806 queritur
896 735 990 780 soror
1007 711 1090 779 orba
1108 709 1211 780 cubili
1223 735 1239 796 ;¹

398 832 496 899 Ferte
516 827 615 899 simul
635 831 794 926 gemitus,
814 844 1021 926 cognataque
1043 829 1152 898 ducite
1172 829 1314 898 flammis

398 951 546 1036 Funera,
571 964 604 1018 et
625 950 690 1019 hoc
712 964 839 1019 cunctae
858 949 1084 1019 miserandum
1104 949 1263 1018 addiscite
1283 973 1432 1018 carmen:

447 1098 464 1132 α
476 1071 611 1140 Occidit
645 1067 741 1138 aeriae
761 1067 1103 1166 celeberrimagloria
1122 1070 1231 1163 gentis

399 1189 581 1274 Psittacus,
602 1185 667 1255 ille
678 1185 783 1282 plagae
800 1188 915 1257 viridis
935 1202 1092 1282 regnator
1107 1191 1201 1274 Eoae3

397 1309 511 1396 Quem
530 1330 599 1375 non
618 1321 784 1402 gemmata
806 1305 951 1376 volucris
969 1311 988 1376 J
991 1309 1116 1376 unonia
1134 1307 1240 1376 cauda

326 1486 333 1500 .
398 1428 573 1513 Vinceret‚
593 1439 731 1520 aspectu
747 1424 847 1522 gelidi
867 1451 936 1495 non
954 1426 1106 1495 Phasidis
1125 1424 1208 1513 ales,
1238 1501 1250 1513 ,

398 1547 470 1616 Nec
488 1571 570 1640 quas
593 1546 746 1615 humenti
765 1547 921 1616 Numidae
940 1571 1082 1641 rapuere
1102 1546 1163 1614 sub
1184 1549 1320 1616 Austro.

397 1664 460 1734 tlte
479 1664 640 1734 salutator
660 1690 792 1760 regum,
811 1689 1001 1760 nomenque
1021 1664 1150 1734 locutus

399 1787 603 1872 Caesareum,
623 1800 656 1854 et
676 1784 807 1881 queruli
826 1784 996 1880 quondam
1015 1787 1086 1855 vice
1105 1785 1238 1854 functus
1256 1786 1371 1874 amici,

399 1907 501 1976 Nunc
520 1906 661 1974 conviva
681 1904 780 1993 levis,
800 1919 1050 1998 monstrataque
1069 1904 1207 1974 reddere
1226 1906 1328 1974 verba

398 2027 483 2095 Tam
502 2023 608 2095 facilis
629 2051 636 2092 :
659 2037 799 2119 quotu,
819 2023 940 2095 Melior
959 2024 1094 2112 dilecte,
1115 2023 1260 2113 recluso,

399 2137 582 2238 Nunquam
600 2143 689 2214 solus
709 2169 793 2214 eras.
818 2147 861 2216 At
881 2170 951 2215 non
969 2143 1132 2240 inglorius
1152 2145 1280 2216 umbris

398 2265 548 2333 Mittitur
567 2290 576 2333 :
597 2265 732 2358 Assyrio
749 2265 876 2335 cineres
896 2263 1073 2334 adolentur
1092 2288 1246 2352 amomo,

399 2389 443 2454 Et
462 2397 576 2455 tenues
593 2384 743 2456 Arabum
757 2386 922 2480 mspirunt
943 2386 1094 2479 gramina
1113 2383 1255 2479 pltrmae,

400 2505 615 2599 Sicaniosque
630 2529 770 2575 crocos:
792 2505 884 2574 senio
904 2529 966 2574 nec
984 2504 1087 2574 fessus
1103 2505 1203 2573 inerti

401 2625 536 2695 Scandit
551 2625 707 2694 odoratos
726 2624 867 2695 Phoenix
886 2623 1013 2694 felicior
1029 2615 1132 2719 igiies.
