3156 5138
127 477 162 533 (v.
174 474 228 536 sa.)
460 469 677 528 runntmos
696 469 805 526 Lutuu
825 471 849 526 1.
1122 488 1173 537 ¹7¹

126 605 228 671 Tunc
248 620 371 670 vacuos
387 597 501 686 orbes,
520 597 663 668 crudum
680 621 719 668 ac
738 595 926 667 miserabile
943 598 1017 664 vitae
1062 625 1065 634 ·

128 721 363 817 Supplicium,
381 735 528 792 ostentat
545 720 646 810 coelo,
665 718 889 812 manibusque
904 719 1051 788 cruentis

128 841 250 912 Pulset
267 839 368 910 inane
387 839 512 928 solum,
529 864 681 934 sevaque
701 840 747 909 ita
765 863 848 908 voce
867 854 1045 933 precatur:

180 990 198 1028 α
212 959 279 1047 Di,
296 975 407 1032 sontes
423 962 569 1048 animas,
587 974 796 1054 angusteque
812 961 952 1028 Tartara
968 959 1088 1050 poeuis¹

128 1085 203 1174 Qui
222 1084 357 1178 regitis;
374 1096 478 1177 tuque
494 1081 678 1157 umbrifero
698 1084 780 1175 Styx
797 1079 900 1150 livide
916 1080 1038 1168 fundo,

129 1204 248 1291 Quam
265 1202 380 1288 rideo;
394 1200 605 1296 multumque
624 1203 705 1272 mihi
727 1216 886 1274 consueta
902 1201 1016 1270 vocari
1044 1255 1046 1262 .
1117 1229 1120 1236 ⁴

129 1337 276 1407 Annue,
294 1321 493 1418 Tisiphone,
514 1346 738 1416 perversaque
755 1337 831 1391 vota
849 1320 1016 1392 secunda:

132 1445 170 1513 Si
186 1443 275 1512 bene
290 1441 371 1538 quid
389 1444 515 1528 merui,
534 1443 562 1512 si
578 1467 632 1512 me
651 1441 693 1512 de
710 1457 817 1512 matre
835 1441 1008 1512 cadentem

132 1565 260 1634 Foristi
277 1563 422 1660 gremio,
440 1578 474 1632 et
491 1563 667 1657 trajectum
687 1561 826 1632 vulnere
843 1561 974 1658 plantas

131 1683 309 1768 Firmasti3
329 1685 356 1752 si
374 1699 492 1778 stagna
508 1683 578 1777 peti
592 1683 752 1776 Cyrrhaea
768 1685 900 1754 bicorni

131 1802 303 1873 Interlirsa
320 1803 418 1897 jugo,
437 1824 693 1896 possemquum
710 1799 829 1894 degere
841 1803 930 1887 ,falso
1018 1875 1021 1882 ,

133 1929 326 1997 Contentus
341 1921 488 2018 Polybo,
505 1921 692 2020 trilidaeque
708 1923 743 1996 in
761 1922 926 2000 Phocidos
945 1938 1039 1996 arcto

133 2049 342 2140 Inngaevum
361 2041 512 2137 implimi
533 2068 666 2142 regem,
682 2047 843 2139 secuique
861 2047 1034 2116 trementis

132 2170 206 2236 Ora
227 2166 330 2253 senis,
348 2163 427 2234 dum
447 2191 560 2262 quero
578 2180 727 2260 patrem;
743 2169 771 2235 si
791 2166 959 2260 Sphingos
975 2146 1098 2258 iniquae

133 2285 287 2358 Callidus
300 2289 455 2382 ambages
473 2303 506 2357 te
521 2301 799 2382 praemonstrante
817 2283 960 2373 resolvi,

134 2411 172 2480 Si
191 2409 306 2480 dulces
323 2409 446 2498 furias,
465 2423 498 2478 et
515 2407 727 2490 lamentabile
747 2410 865 2479 matris

134 2531 356 2601 Connubium
374 2531 506 2625 gavisus
527 2531 595 2616 int;
613 2545 812 2625 noctemque
828 2529 1006 2600 nelcndarn

134 2655 232 2745 Saepc
251 2648 331 2738 tuli,
351 2665 514 2745 natosque
531 2653 614 2740 tibi,
637 2653 700 2721 scis
717 2653 807 2746 ipsa,
827 2653 963 2748 paravi,

134 2775 220 2839 Mox
236 2769 354 2841 avidus
371 2795 475 2865 poenae
492 2772 605 2868 digitis
621 2771 825 2843 caedentibus
840 2770 931 2840 ultro

134 2891 297 2981 Incubui,
313 2893 498 2986 miseraque
515 2891 631 2962 oculos
648 2893 682 2960 in
700 2907 811 2974 matre,
823 2891 965 2984 reliqui;

134 3012 290 3098 Exaudi,
312 3016 339 3082 si
355 3001 457 3108 digna
474 3037 606 3109 precor,
626 3039 767 3108 quaeque
785 3015 858 3106 ipsa
872 3012 998 3082 furenti

135 3134 326 3228 Subjiceres
340 3161 349 3204 ε
364 3135 486 3204 orbum
498 3137 572 3206 viso
594 3135 772 3230 regnisque
785 3148 958 3229 parentem

134 3257 218 3326 Non
235 3279 369 3349 regere,
387 3270 446 3326 eut
464 3256 560 3326 dictis
576 3271 771 3326 moerentem
791 3256 922 3326 flectere
938 3256 1046 3326 adorti

134 3379 236 3464 Quos
256 3378 374 3472 genui,
392 3402 595 3471 quocunque
611 3393 710 3447 toro:
726 3379 809 3472 quin
826 3403 903 3450 ecce
919 3378 1069 3472 superbi,

58 3483 63 3494 ⁸
135 3501 205 3568 Pro
220 3494 335 3567 dolor!
354 3513 389 3566 et
405 3512 521 3567 nostro
537 3497 737 3592 jamdudum
756 3499 873 3569 sunere
891 3523 985 3593 reges

135 3617 306 3689 Insultant
320 3620 484 3706 tenebris,
504 3621 713 3714 gemitusque
730 3619 829 3688 odere
847 3634 1012 3714 paternos.
1038 3611 1041 3616 ’

134 3739 242 3808 Hisne
259 3740 359 3808 etiem
376 3739 527 3810 funestus
545 3741 626 3836 ego?
641 3754 675 3810 et
693 3739 784 3810 videt
804 3742 867 3809 ista
881 3742 1031 3811 Deorum

133 3861 284 3952 Ignarus
300 3860 450 3954 genitor?
467 3863 519 3929 Tu
536 3859 652 3929 saltem
670 3859 782 3930 debita
798 3859 920 3928 vindm

134 3983 213 4048 Huc
232 3978 326 4066 ades,
347 3993 381 4048 et
400 3993 488 4049 totos
509 3981 544 4048 in
565 4003 697 4074 poenam
715 3979 826 4049 ordire
845 3994 991 4076 nepotes.
1090 4039 1093 4045 .

134 4097 245 4168 Indue
260 4099 351 4192 quod
372 4097 543 4168 madidum
560 4101 639 4169 tabo
659 4099 810 4168 diadema
826 4103 973 4170 cruentis
