3200 5142
414 507 470 559 ²7²
495 529 496 534 κ
785 461 1084 569 suttors'rlorlss

795 730 835 784 IN
855 731 1006 788 LIBRUM
1027 731 1078 786 lv.

453 933 606 988 Errsrons.
624 929 691 983 Tres
705 927 800 983 habet.
817 925 884 983 Scil.
895 928 1016 1004 eclogas.
1030 927 1104 985 Cod.
1117 928 1240 1006 Rhedig.
1254 932 1354 987 mire...
1368 934 1454 1002 how,

413 1024 471 1080 nisi
483 1022 562 1098 quod
574 1031 679 1096 quarta
695 1021 739 1075 od
754 1015 821 1075 hon.

453 1117 530 1172 Nam
541 1115 680 1182 Vindicis,
689 1123 742 1170 etc.
753 1113 830 1168 Beue
844 1111 981 1187 explicari
988 1129 1051 1167 non
1061 1124 1193 1187 possunt.
1207 1117 1356 1192 Legecum
1365 1119 1459 1177 codd:

413 1212 501 1266 ulam
515 1207 603 1264 Vind.
619 1231 632 1259 a

452 1306 507 1371 Et,
522 1304 550 1359 si
564 1302 694 1368 videtur,
710 1299 787 1355 iace.
808 1323 820 1350 κ
836 1297 940 1354 Sensus
962 1309 1005 1354 est
1023 1317 1032 1352 t
1052 1297 1085 1355 Si
1101 1298 1142 1356 ita
1160 1299 1214 1356 tihi
1227 1301 1391 1376 videbitur,
1409 1306 1459 1360 ha·

414 1407 530 1466 crenus,
547 1411 601 1450 nec
615 1394 706 1462 tritta,
719 1389 886 1463 hujusmodi
909 1389 1016 1464 scripta
1038 1390 1123 1447 edam
1140 1411 1147 1447 ε
1171 1391 1215 1448 sin
1230 1392 1340 1465 minus,
1361 1395 1380 1452 i
1395 1415 1419 1454 e.
1440 1397 1462 1452 si

319 1555 320 1558 Ἴ
414 1486 543 1545 volueris
559 1505 605 1542 me
626 1502 747 1560 pergere
754 1523 763 1554 ,
781 1481 1026 1558 reprehendamur
1043 1481 1101 1558 (ita
1121 1483 1197 1540 enim
1221 1487 1391 1562 legendum,
1406 1509 1461 1545 uon
1583 1469 1584 1482 ἶ

415 1573 678 1656 reprehendemur);
691 1592 753 1632 non
769 1593 824 1651 ego
842 1573 957 1631 invidos
970 1584 999 1630 et
1017 1575 1174 1632 malevolos
1194 1579 1319 1648 curabo,
1332 1579 1384 1636 sed
1397 1599 1462 1656 per-
1583 1597 1584 1600 ¹

416 1692 489 1751 gam.
503 1696 516 1723 n
529 1672 649 1726 Murri..

454 1767 582 1822 Cium
596 1765 618 1819 1.
633 1763 674 1818 Et
689 1761 774 1816 rediit
786 1760 829 1816 bis
842 1769 939 1816 sextus
957 1759 1048 1816 honos
1060 1755 1098 1838 (v.
1113 1759 1152 1839 9).
1168 1747 1243 1818 §Bis
1259 1783 1282 1821 s.
1297 1764 1328 1818 Ιι.
1341 1733 1463 1822 estduo-
1583 1775 1584 1778 ’

416 1857 509 1914 decim
522 1854 642 1912 fascium
660 1863 689 1908 et
707 1851 842 1909 lictorum
858 1851 967 1922 honos,
978 1851 1132 1926 proprium
1151 1855 1462 1933 consulatnsiusigne.»
1583 1859 1584 1862 ’

416 1952 514 2006 Gnos.
529 1948 560 2003 iu
573 1946 618 2003 ed.
636 1944 694 2002 Sed
708 1943 921 2019 preferendum
939 1943 1010 2000 mihi
1021 1943 1116 2002 videri
1132 1947 1226 2003 fateor
1246 1947 1330 2024 quod
1343 1949 1464 2022 ejusdm

320 2119 322 2124 Ι
416 2043 471 2099 viri
487 2058 606 2098 acumen
623 2048 690 2096 ante
706 2037 871 2109 invenerat,
890 2046 919 2093 et
938 2036 970 2093 in
990 2039 1105 2107 onte,
1124 2059 1148 2095 c.
1169 2057 1280 2112 xxxvi,
1302 2053 1332 2098 et
1350 2044 1463 2102 Edendi.

417 2136 580 2198 maduo..
596 2151 621 2189 c.
642 2151 678 2202 v,
698 2129 795 2189 multis
812 2126 981 2186 defenderat
995 2148 1003 2185 ε
1016 2130 1060 2187 bis
1072 2121 1184 2188 rurus
1202 2132 1311 2201 donor,
1326 2134 1421 2192 honos
1437 2133 1464 2190 in

416 2240 554 2304 praetexta
573 2237 656 2302 toga,
672 2223 796 2298 duplici,
809 2222 828 2278 i.
847 2242 872 2279 e.
887 2225 958 2280 lane
975 2233 1005 2279 et
1021 2243 1172 2298 purpura,
1191 2234 1306 2282 textura
1323 2225 1406 2284 facta

459 2323 583 2397 Noviqne
595 2321 625 2374 in
639 2321 718 2393 leges
730 2311 769 2394 (r.
792 2323 827 2383 ¹4
845 2313 910 2394 etp).
926 2315 1115 2390 Explicantur
1126 2303 1187 2374 haee
1207 2318 1312 2377 versib.
1334 2339 1371 2395 9,
1388 2339 1423 2378 io
1441 2332 1467 2378 ct

422 2423 455 2475 17
471 2399 604 2458 carminis
621 2416 670 2453 m.

457 2493 586 2551 Moribus
599 2503 686 2566 atque
699 2490 755 2545 nisi
768 2485 808 2567 (v.
823 2486 861 2544 25
878 2485 964 2566 sqq.).
979 2488 1078 2545 Mores
1093 2497 1160 2546 tuos
1173 2486 1223 2567 (dc
1237 2491 1346 2564 quibus
1359 2493 1468 2570 egregia

418 2584 533 2663 collegit
547 2583 697 2652 Gronov„
715 2601 745 2656 p.
771 2587 825 2648 air
848 2577 926 2657 sqq.)
947 2577 1016 2636 huic
1038 2599 1159 2656 quoque
1177 2599 1254 2638 anno
1277 2580 1310 2638 in
1329 2587 1468 2660 exemplar

418 2679 587 2756 praefulgere
606 2675 733 2752 gandent
748 2691 846 2730 omnes
860 2675 1057 2730 Romanorum
1075 2672 1207 2744 ordines3
1223 2684 1251 2730 et
1266 2693 1284 2732 a
1303 2679 1468 2746 consulatu,

420 2792 507 2848 quem
520 2782 553 2827 tu
567 2787 664 2846 gerere
678 2763 822 2844 digamis,
836 2765 924 2824 ceteri
936 2766 1064 2822 honores
1078 2785 1178 2824 omnes
1191 2766 1382 2828 illustrantur.
1395 2773 1470 2826 Gro-

418 2865 498 2922 novii
515 2859 671 2938 explicatio
680 2857 865 2937 redarguitur
884 2878 976 2935 quum
988 2869 1052 2915 toto
1071 2855 1179 2917 tenore·
1190 2858 1264 2931 loci,
1282 2872 1346 2917 tum
1360 2881 1444 2920 verm
1461 2883 1469 2920 ε

529 3075 535 3088 .
548 3074 554 3088 .
606 3034 671 3100 Quid
683 3034 743 3095 talc,
757 3048 851 3102 precor,
864 3031 932 3102 prior
945 3047 1023 3083 mnus
1035 3031 1158 3084 habebat?

420 3209 528 3265 Contra
552 3201 755 3259 Marklandum
777 3197 905 3274 disputat
924 3197 1121 3272 Schraderus,
1143 3200 1240 3255 Anim.
1260 3201 1291 3254 in
1310 3200 1469 3268 Mnsoems,

421 3319 446 3356 c.
460 3314 599 3370 xv111,p.
620 3295 687 3352 312.

461 3392 555 3448 Romo
569 3398 674 3462 potens
696 3381 734 3462 (v.
757 3379 818 3460 ²⁸l
833 3383 879 3440 Sic
894 3383 980 3440 codd.
994 3383 1053 3440 Sed
1071 3382 1179 3458 optime
1200 3382 1303 3438 Markl.
1323 3404 1331 3437 ι
1355 3408 1368 3433 ι
1382 3385 1471 3440 Roma

419 3499 537 3557 paiens,
559 3503 572 3530 s
586 3477 635 3534 cui
651 3476 698 3533 hic
714 3478 795 3533 locus
809 3495 886 3532 suus.
901 3475 982 3532 ldem
996 3474 1078 3533 addit
1092 3493 1100 3531 ε
1116 3497 1133 3526 c
1141 3474 1216 3532 Vide
1231 3485 1327 3531 autem
1339 3475 1370 3532 in
1383 3494 1472 3550 quau

420 3585 480 3630 tam
499 3569 544 3629 sni
562 3564 737 3627 oblivionem
755 3567 903 3624 induxerit
920 3567 1045 3624 Statium
1062 3568 1141 3623 calor
1159 3577 1415 3640 extemporaneus3
1427 3568 1472 3623 in-

420 3674 507 3721 vocat
525 3665 642 3738 longam
663 3673 849 3729 vetustatem,
876 3671 909 3715 ut
931 3660 1020 3727 fastos
1039 3659 1165 3716 excutiat
1183 3669 1212 3714 et
1234 3658 1322 3734 digua
1345 3661 1472 3734 exempla

421 3755 549 3831 proferat
564 3773 571 3810 ε
584 3764 700 3828 putares
714 3751 809 3809 statim
823 3771 888 3810 cum
905 3751 1043 3810 Fabriciis
1056 3763 1085 3808 ct
1098 3749 1283 3810 Coruncmiis
1300 3760 1327 3806 te
1345 3769 1408 3807 rem
1420 3753 1472 3808 ha·

422 3847 552 3904 biturum
564 3863 625 3901 esse
640 3863 647 3900 :
660 3844 766 3900 horum
780 3862 851 3900 sero
869 3843 976 3901 oblitus
983 3843 1100 3900 immam
1112 3845 1186 3901 saltu
1199 3841 1348 3899 descendit
1361 3843 1401 3899 ad
1413 3847 1474 3899 Au-

422 3949 553 4016 gustum,
579 3935 631 4012 qui
648 3934 792 3994 mentibus
817 3936 967 3993 hominum
988 3955 1069 4012 pene
1092 3954 1208 4006 recens;
1228 3943 1345 4008 etpost
1367 3945 1472 3991 tantm

423 4027 613 4087 invocationis
624 4046 778 4104 pompam,
790 4039 825 4086 ut
830 4039 992 4088 recenseret
1000 4028 1148 4086 vetustatis
1155 4044 1310 4103 nonporva
1322 4030 1473 4103 exempla,

425 4123 508 4180 unius
522 4133 633 4180 tantum
649 4122 824 4180 mentionem
837 4122 912 4180 facit.
923 4148 936 4174 s
