3080 5136
98 405 220 469 ressa)
394 399 654 458 seminamus
676 397 790 455 unna
808 399 846 454 11.
1106 396 1164 472 29⁵

97 532 183 602 Non
197 525 284 599 ullas
297 553 338 596 ex
352 552 447 598 more
461 525 563 622 dapes
576 525 751 612 babuisse,
769 549 831 594 nec
848 521 945 594 almis

98 651 275 722 Uberibus
292 651 430 722 satiasse
448 647 590 736 famem,
606 646 664 718 sed
681 648 786 741 spissa
806 645 945 718 leonum
979 717 982 724 ,

98 775 261 856 Viscera,
278 772 558 865 semianimesque
575 768 685 840 libens
706 770 845 840 traxisse
863 767 1039 840 medullas.

99 898 185 964 Haec
205 893 289 963 mihi
305 894 414 988 prima
432 893 553 978 Ceres,
569 893 641 962 baec
657 887 724 962 laeti
741 915 884 962 munera
900 891 1039 978 Bacchi,

99 1017 159 1086 Sic
174 1014 277 1087 dabat
294 1011 352 1085 ille
367 1029 465 1110 pater
481 1041 489 1084 ε
508 1039 587 1086 mox
603 1015 652 1086 ire
666 1039 728 1110 per
743 1015 818 1085 avia
835 1039 948 1086 secum

100 1141 227 1210 Lustra
243 1136 352 1234 gradu
372 1137 501 1231 majore
521 1136 676 1224 trahens,
696 1137 844 1230 visisque
865 1135 1008 1207 docebat

100 1259 260 1330 Arridere
280 1260 375 1346 feris,
394 1283 456 1330 nec
475 1258 581 1330 fracta
598 1258 775 1332 ruentibus
793 1257 894 1328 undis

100 1384 212 1468 Saxa,
229 1405 292 1450 nec
305 1380 348 1452 ad
363 1395 465 1452 vastae
480 1379 650 1476 trepidare
666 1378 801 1452 silentia
814 1379 917 1454 silvae.

100 1507 178 1572 Jam
193 1517 274 1571 tunc
289 1501 387 1571 hasta
402 1525 523 1589 manu,
533 1501 605 1595 jam
623 1515 703 1572 tnnc
721 1502 852 1574 cervice
865 1501 1045 1595 pharetrae,

100 1627 148 1693 Et
164 1622 245 1694 seiri
260 1621 465 1718 properatur
482 1646 591 1711 arnor,
609 1621 798 1715 durataque
812 1621 921 1695 multo

101 1739 181 1812 Sole
194 1741 342 1839 geluque
359 1744 466 1830 cutim
486 1757 603 1814 tenero
619 1767 682 1814 nec
696 1739 780 1812 llexa
796 1741 900 1818 cubili

100 1865 277 1950 Membra,
296 1865 356 1935 sed
375 1866 504 1960 ingenti
524 1889 644 1964 saxum
662 1888 843 1935 commune
860 1867 1032 1960 magistro.

101 1987 171 2055 Vix
188 1986 272 2056 mibi
288 1985 440 2058 bissenos
455 2010 622 2060 annorum
638 1999 784 2056 torserat
798 1984 896 2056 orbes

101 2093 184 2175 Vita
198 2105 309 2195 rudis,
325 2103 479 2179 volucres
495 2131 601 2200 quum
612 2106 684 2200 jam
698 2119 899 2201 prevertere
913 2129 1048 2194 cervos,

102 2232 147 2297 Et
163 2228 326 2322 Lapithas
339 2228 485 2322 cogebat
502 2251 612 2321 equo,
625 2226 865 2321 praemissaque
880 2253 983 2298 cursu

101 2347 185 2430 Tela
199 2351 293 2443 sequi
314 2377 321 2418 ε
343 2374 430 2444 steps
445 2351 518 2445 ipse
533 2347 640 2444 gradu
655 2373 709 2420 mc
725 2363 871 2444 praepete
885 2349 1030 2435 Chiron,

103 2474 197 2540 Dum
213 2469 312 2539 velox
331 2485 429 2556 astas,
447 2470 575 2564 campis
596 2468 762 2541 admissus
777 2459 899 2565 agebat

105 2591 291 2679 Omnibus,
308 2591 578 2685 exhaustumque
594 2615 680 2686 vago
701 2615 763 2686 per
778 2593 932 2686 gramina
950 2617 1051 2688 passu

104 2709 281 2782 Laudabat
303 2709 471 2806 gaudens,
485 2726 586 2806 atque
600 2713 636 2786 iu
652 2737 713 2786 sua
730 2711 817 2786 oolla
833 2712 974 2786 levabat.

105 2837 199 2928 Saepe
212 2835 312 2907 etiam
328 2835 439 2928 primo
452 2833 548 2904 lluvii
564 2849 702 2930 torpore
712 2835 853 2930 jubebat

103 2958 158 3023 lre
175 2979 288 3049 super,
304 2953 513 3050 glaciemque
527 2953 591 3026 levi
607 2979 676 3024 non
691 2955 849 3051 frangere
863 2954 991 3052 planta.

103 3080 177 3144 Hoc
199 3073 444 3170 pueriledecus
460 3101 468 3146 ε
488 3074 572 3170 quid
586 3101 678 3148 nunc
695 3076 756 3154 tibi
768 3074 887 3170 proelia
902 3076 1013 3151 dicam

105 3194 297 3266 Silvarum?
318 3210 353 3265 et
371 3220 496 3266 vacuos
512 3221 599 3266 saevo
614 3191 684 3291 jani
707 3221 881 3274 murmure
897 3195 1027 3270 saltus?

104 3321 288 3413 Nunquam
305 3317 360 3388 ille
375 3316 528 3388 imbelles
542 3321 657 3390 Ossaea
672 3343 732 3413 per
747 3319 822 3390 avia
840 3318 953 3416 lynces

104 3439 247 3526 Sectari,
263 3453 324 3508 aut
337 3438 474 3509 timidos
487 3463 604 3534 passus
617 3465 671 3510 me
685 3439 826 3534 cuspide
839 3439 955 3515 damas

104 3562 281 3647 Sternere,
294 3558 353 3628 sed
368 3560 479 3630 tristes
494 3560 632 3631 turbare
643 3559 813 3632 cubilibus
826 3587 939 3652 ursas,

103 3679 363 3776 Fulmineosque
382 3707 478 3769 sues,
497 3696 532 3753 et
555 3684 664 3754 sicubi
688 3684 833 3755 maxima
854 3687 970 3782 tigris,

103 3806 172 3871 Aut
187 3803 325 3872 seducta
340 3803 433 3898 jugis
454 3803 541 3874 foetae
559 3803 718 3898 spelunca
739 3803 861 3878 leanae.

103 3927 179 4016 lpse
200 3922 318 3992 sedens
337 3939 431 3994 vasto
451 3923 538 3994 facta
557 3925 773 4020 exspectabat
793 3928 837 3996 ab
855 3942 970 4016 antro,

104 4045 137 4112 Si
161 4069 295 4140 sparsus
319 4071 444 4142 magno
467 4070 650 4118 remearem
670 4050 835 4142 sanguine
856 4075 863 4116 :
883 4076 945 4120 nec
972 4077 1025 4120 me
