3080 5136
380 455 436 524 294
671 443 930 502 scuunrunos
952 443 1067 499 mern
1086 445 1122 500 u.

378 572 514 645 Ultores
535 598 542 641 :
566 571 642 665 quis
662 571 752 638 enim
771 566 914 664 genialia
934 567 1059 637 fredera
1080 573 1192 663 rumpi

378 699 486 789 Capta
508 691 611 780 dolis,
630 688 788 784 facilique
804 689 891 758 trahi
909 691 1080 759 connubia
1095 705 1213 787 raptu,

378 820 450 886 Ceu
468 839 586 910 pecus,
605 825 858 899 armentumve,
874 826 935 880 aut
951 808 1034 880 viles
1055 814 1171 882 messis
1190 838 1338 883 acervos

377 935 549 1008 Perierat?
567 935 638 1004 haec
655 947 689 1003 et
705 957 774 1001 non
793 931 896 1002 fortes
912 933 1044 1028 jactura
1062 950 1223 1004 moveret.

378 1059 458 1128 Non
477 1054 557 1125 tulit
574 1053 712 1126 insidias
731 1053 859 1123 Divum
878 1053 1079 1149 imperiosus
1098 1059 1247 1149 Agenor,

377 1179 599 1272 Mugitusque
614 1199 742 1261 sacros,
763 1188 798 1242 et
816 1197 941 1269 magno
961 1177 1101 1245 numine
1120 1191 1248 1246 vectam
1372 1159 1374 1162 ¹

378 1299 520 1388 Quaesiit
539 1301 715 1391 Europen,
734 1309 1001 1390 aspernatusque
1017 1280 1207 1368 Tonantem
1226 1314 1280 1368 est

377 1423 426 1492 Ut
445 1443 605 1514 generum
624 1445 632 1486 ε
650 1431 783 1511 raptam
801 1431 835 1486 et
852 1417 1011 1512 Scythico
1029 1417 1071 1488 de
1086 1417 1184 1489 litore
1203 1418 1341 1514 prolem

378 1543 456 1611 Non
477 1538 553 1610 tulit
572 1541 701 1626 AEetes,
720 1536 878 1632 ferroque
894 1553 929 1606 et
945 1536 1049 1608 classe
1066 1555 1199 1610 secutus

380 1659 553 1732 Semideos
570 1684 682 1754 reges,
697 1674 730 1728 et
750 1660 876 1728 ituram
896 1658 931 1728 in
951 1659 1061 1730 sidera
1080 1663 1233 1756 puppim.

378 1785 451 1854 Nos
470 1781 605 1876 Phryga
625 1779 821 1850 semivirum
839 1794 958 1876 portus
975 1795 1008 1850 et
1026 1778 1125 1852 lito'ra
1145 1783 1273 1851 circum

379 1899 537 1997 Argolica
555 1901 682 1970 incesta
699 1897 898 1970 volitantem
918 1925 1032 1995 puppe
1053 1901 1219 1972 feremus?

380 2025 496 2116 Usque
508 2021 592 2090 adeo
603 2043 770 2114 nusquam
784 2045 879 2090 arma
889 2022 1010 2114 etequi
1019 2075 1029 2108 ,
1039 2021 1190 2117 lietaque
1203 2025 1299 2093 invia
1309 2025 1444 2095 Graiis?

380 2142 476 2235 Quid
490 2144 518 2213 si
537 2167 628 2211 nuno
646 2140 768 2236 aliquis
787 2142 906 2242 patriis
924 2157 1087 2235 rapturus
1103 2144 1146 2214 ah
1162 2145 1230 2214 oris

380 2263 581 2336 Deidamian
598 2277 669 2350 eet,
690 2260 861 2357 viduaque
877 2287 895 2332 a
914 2261 993 2332 sede
1015 2261 1154 2334 revellat

255 2439 266 2452 ,
382 2387 590 2469 Attonitam‚
607 2399 641 2453 et
657 2384 772 2480 magni
789 2381 993 2456 clamantem
1011 2409 1133 2456 nomen
1152 2384 1319 2457 Achillis?
1335 2417 1352 2450 s

380 2505 477 2576 Illius
496 2503 538 2576 ad
555 2502 715 2600 capulum
730 2503 831 2580 rediit
848 2529 988 2593 manus,
1003 2521 1038 2576 et
1058 2505 1159 2576 simul
1176 2507 1297 2603 ingens

381 2625 522 2723 Impulit
539 2650 597 2696 ora
612 2624 720 2694 rubor
736 2649 744 2692 ε
762 2625 868 2696 tacuit
883 2641 1064 2698 contentus
1085 2625 1211 2697 Ulixes.

431 2747 567 2842 Excipit
584 2745 733 2816 OEnides
752 2770 761 2814 ε
781 2773 797 2810 o
812 2745 927 2835 Quin,
943 2771 965 2818 o
982 2746 1176 2843 dignissima
1194 2748 1269 2818 coeli

382 2869 581 2962 Progenies,
597 2865 751 2959 ritusque
768 2881 864 2950 tuos,
881 2864 1116 2962 elementaque
1135 2871 1251 2965 primae

384 2987 531 3078 lndolis,
550 3004 586 3058 et
600 2983 710 3057 valida
726 3011 807 3058 mox
824 2987 1005 3059 accedente
1019 2992 1180 3084 juventa,

383 3110 470 3199 Quae
486 3109 604 3180 solitus
621 3107 760 3181 laudum
776 3109 838 3181 tibi
854 3111 983 3180 semina
1000 3110 1150 3204 pandere
1163 3113 1293 3184 Chiron

383 3231 597 3325 Virtutisque
612 3229 738 3319 aditus,
754 3254 839 3323 quas
856 3231 1005 3302 membra
1023 3256 1147 3326 augere
1163 3259 1224 3329 per
1242 3249 1353 3322 artes,

384 3353 480 3441 Quas
501 3353 670 3436 animum,
687 3351 801 3430 sociis,
826 3349 1040 3446 multumque
1059 3353 1249 3424 laventibus
1266 3355 1358 3424 ede:

384 3473 435 3542 Sit
451 3473 596 3566 pretium
611 3470 729 3566 longas
744 3471 881 3566 penitus
897 3474 1053 3565 quesisse
1073 3499 1135 3570 per
1150 3477 1258 3544 undas

385 3597 531 3688 Scyron,
551 3591 655 3664 ethis
674 3591 776 3662 armis
794 3592 944 3686 primum
963 3593 1145 3664 intendisse
1165 3594 1321 3666 lacertos.
1342 3629 1361 3662 e

435 3715 551 3803 Quem
569 3714 685 3808 pigent
702 3737 761 3784 sua
778 3711 865 3785 facte
882 3711 1000 3807 loqui?
1016 3729 1130 3786 tamen
1148 3714 1204 3786 ille
1223 3715 1378 3789 modeste

387 3835 548 3923 Inchoat,
567 3833 746 3928 ambiguus
761 3831 929 3927 paullum,
947 3839 1153 3932 propiorque
1174 3854 1295 3910 coacto
1316 3865 1324 3906 ε

387 3959 535 4043 «Dicor,
552 3969 585 4024 et
603 3956 638 4023 in
656 3955 796 4042 teneris,
811 3972 846 4024 et
861 3955 972 4028 adhuc
989 3962 1216 4031 crescentibus
1233 3963 1353 4050 annis,

387 4075 566 4146 Thessalus
584 4089 622 4149 ut
639 4073 748 4168 rigido
767 4077 879 4145 senior
897 4103 951 4148 me
972 4096 1086 4151 monte
1103 4084 1252 4177 recepit,
