3172 5142
439 471 495 526 130
739 476 953 533 rimusmos
972 476 1083 532 mua
1105 475 1183 532 vul.
1377 473 1414 536 (e,
1426 473 1498 534 ⁴¹⁵·i‘

436 599 652 670 Concurrunt
666 625 726 694 per
742 601 843 702 inane
857 600 971 688 sudes,
988 616 1023 670 et
1039 615 1156 670 mutua
1170 599 1316 695 perdunt

434 718 600 809 Vulnera,
613 735 822 790 concurrunt
835 721 955 806 bastae,
968 719 1143 790 stridentia
1155 719 1267 791 fundas

434 843 519 912 Saxa
533 840 671 938 pluunt,
687 839 839 912 volucres
853 842 1030 910 imitantur
1043 840 1180 936 fulgura
1193 838 1347 936 glandes,

432 966 475 1032 Et
489 961 708 1032 formidandae
721 988 791 1032 non
805 986 873 1032 una
887 977 996 1031 morte
1010 963 1148 1057 sagittae.

432 1087 504 1155 Nec
520 1085 612 1153 locus
628 1083 671 1154 ad
687 1099 813 1154 terram
828 1082 902 1154 telis
919 1109 927 1153 ε
943 1085 979 1152 in
990 1107 1134 1178 corpora
1148 1083 1274 1154 ferrum

434 1207 546 1274 Omne
559 1204 648 1274 cadit
663 1231 671 1274 :
686 1229 772 1299 saepe
786 1205 896 1300 ignari
909 1205 1163 1298 perimuntque,
1177 1203 1389 1297 caduntque3

432 1327 535 1394 Casus
550 1327 620 1420 agit
632 1326 778 1396 Virtutis
792 1351 878 1420 opus
894 1351 902 1392 ι
918 1349 1009 1394 nuuc
1023 1323 1123 1393 turba
1137 1323 1279 1410 recedit,

432 1447 534 1516 Nunc
547 1448 685 1541 premit,
699 1470 739 1516 ao
754 1448 882 1516 vicibus
895 1445 1049 1515 tellurem
1063 1447 1202 1530 amittit,
1218 1461 1252 1515 et
1266 1445 1386 1514 aufert

483 1570 530 1636 Ut
544 1568 650 1635 ventis
665 1567 854 1660 nimbisque
869 1567 983 1636 minax
996 1591 1100 1660 quum
1115 1565 1214 1636 solvit
1227 1565 1375 1636 habenas

430 1687 601 1783 luppiter,
615 1686 798 1782 affligitque
812 1687 943 1757 alterno
961 1687 1095 1757 turbine
1111 1687 1291 1775 mundum,

432 1812 507 1879 Stat
520 1807 593 1879 oceli
610 1809 742 1879 diversa
755 1812 858 1898 acies,
872 1835 964 1879 nunc
979 1809 1099 1880 sortior
1112 1811 1243 1896 Austri,

431 1931 532 2000 Nunc
546 1929 722 2025 Aquilonis
736 1931 858 2013 biems,
873 1930 979 1999 donec
993 1944 1166 2025 pugnante
1179 1926 1325 2024 procella

433 2053 501 2120 Aut
515 2052 628 2119 nimiis
642 2051 697 2120 hic
711 2054 791 2121 vicit
804 2052 917 2144 aquis,
931 2066 991 2118 aut
1005 2048 1061 2118 ille
1075 2073 1203 2120 sereno.

388 2161 391 2170 ’
481 2173 689 2267 Principium
708 2195 828 2267 pugne
847 2186 974 2240 turmas
992 2173 1135 2267 Asopius
1152 2175 1306 2266 Hypseus

431 2290 611 2381 OEbalias,
632 2317 777 2388 namque
795 2291 846 2360 hae
864 2315 1025 2387 magnum
1043 2306 1077 2362 et
1093 2291 1216 2388 gentile
1232 2307 1402 2362 tumentes

331 2401 345 2484 ,⁵
433 2413 621 2481 Euboicum
640 2411 733 2482 duris
752 2426 916 2506 rumpunt
932 2413 1136 2482 umbonibus
1155 2437 1293 2507 agmen,

432 2531 596 2626 Reppulit
615 2547 729 2627 erepto
749 2534 845 2604 cunei
865 2532 1005 2603 ductore
1024 2531 1189 2603 Menalca.

430 2654 495 2721 Hic
507 2667 548 2720 et
564 2668 674 2722 mente
691 2657 824 2741 Lacon,
843 2653 939 2723 crudi
961 2657 1118 2724 torrentis
1135 2653 1311 2739 alumnus,

430 2776 503 2844 Nec
522 2775 671 2867 turpavit
691 2799 790 2860 avos,
810 2775 940 2844 hastam
962 2779 1049 2845 intra
1067 2791 1183 2870 pectus
1202 2791 1358 2864 euntem,

430 2897 482 2965 Ne
502 2893 612 2988 pudor
632 2896 666 2962 in
686 2909 800 2990 tergo,
819 2911 929 2991 peret
947 2921 1022 2966 ossa
1041 2911 1076 2965 et
1092 2898 1219 2965 viscera
1236 2911 1329 2964 retro

429 3015 602 3101 Extrahit,
621 3028 723 3108 atque
741 3015 830 3084 hosti
849 3016 964 3085 dextra
983 3016 1114 3086 labente
1132 3018 1273 3102 remittit

430 3137 655 3229 Sanguineam
676 3160 683 3203 :
704 3133 826 3206 dilecta
844 3138 938 3230 genis
957 3137 1132 3206 morientis
1150 3137 1310 3207 oberrant

429 3259 595 3350 Taygeta,
613 3272 646 3325 et
664 3280 801 3351 pugna,
821 3255 1024 3350 laudataque
1042 3259 1180 3327 verbera
1199 3261 1309 3326 matri.

477 3376 671 3445 Phaedimon
689 3375 819 3446 Iasiden
841 3401 921 3445 arcu
940 3379 1090 3446 Diruaeus
1108 3382 1267 3472 Amyntas

432 3499 585 3566 Destinat
604 3524 612 3564 :
633 3497 699 3566 heu
716 3495 839 3566 celeres
855 3494 983 3566 Parcae!
1001 3498 1071 3602 jam
1091 3495 1233 3593 palpitat
1249 3500 1338 3568 arvis

428 3617 633 3705 Phaedimus,
654 3632 689 3685 et
705 3619 787 3687 certi
808 3617 958 3686 nondum
977 3633 1066 3686 tacet
1084 3643 1181 3688 arcus
1200 3624 1363 3714 Amyntae.

427 3736 575 3808 Abstulit
591 3764 630 3807 ex
646 3739 786 3807 humero
802 3738 955 3808 dextram
971 3739 1177 3834 Calydonius
1194 3741 1322 3836 Agreus

427 3860 577 3953 Phegeos
596 3886 603 3927 :
623 3857 681 3928 illa
697 3883 794 3929 suum
811 3874 901 3928 terra
918 3876 1007 3930 tenet
1026 3861 1180 3956 improba
1196 3861 1340 3950 senum,

427 3982 469 4048 Et
488 3994 601 4048 movet
618 4005 626 4046 :
645 3981 798 4048 extimuit
815 4005 929 4075 sparsa
946 3983 1034 4050 inter
1051 3981 1116 4050 tela
1132 3983 1299 4075 jacentem

428 4099 671 4195 Progrediens,
692 4115 912 4193 truncamque
932 4116 1043 4170 tamen
1063 4105 1226 4197 percussit
1242 4107 1387 4175 Acoetes.
