3172 5142
405 405 459 464 136
673 417 676 423 ‘
702 409 917 466 Tunnutnos
937 407 1049 464 LIBER
1071 406 1153 462 vttt.
1342 409 1378 466 l'·
1390 404 1462 468 5951

400 529 557 600 Caedibus
576 528 725 604 imbelles
743 533 886 621 vitulos,
906 530 1089 626 mollesque
1105 531 1264 625 juvencas

397 653 609 722 Transmittit
628 677 636 721 :
659 677 782 749 magno
800 653 896 722 furor
912 667 963 722 est
981 653 1015 720 11
1036 653 1199 746 sanguine
1216 651 1347 744 mergi,

397 775 470 846 Nec
489 775 551 844 nisi
571 777 740 870 11ς111111
759 775 887 872 cervice
905 774 1100 843 recumbere
1118 775 1216 842 tauri.

447 897 493 965 At
511 919 580 964 non
601 895 789 964 semianimi
808 893 955 964 clamore
972 896 1146 963 Menoecea
1165 891 1278 987 lapsus

397 1012 497 1084 Fallit
512 1019 596 1110 Atys
616 1041 624 1084 :
645 1016 816 1109 praerertit
834 1039 956 1108 equos,
970 1038 1146 1107 ¹curruque
1165 1015 1269 1082 citato

397 1133 520 1206 Desilit
538 1161 546 1204 :
567 1136 711 1205 instabat
729 1135 834 1230 pubes
852 1140 991 1231 Tegeaea
1007 1134 1149 1230 jacenti,

396 1259 468 1328 Nec
486 1257 669 1352 prohibent
687 1257 789 1351 Tyrii.
813 1255 990 1341 «Pudeat,
1011 1255 1160 1325 Cadmca
1174 1256 1356 1348 juventus,

396 1357 595 1475 Terrigenas
614 1380 753 1448 mentita
771 1374 900 1475 patres!
923 1403 991 1473 quo
1011 1377 1164 1466 tenditis,
1186 1377 1314 1470 inquit,

396 1499 609 1594 Degeneres?
625 1499 788 1569 meliusne
804 1501 892 1594 jacet
908 1526 971 1596 pro
987 1500 1148 1594 sanguine
1167 1512 1284 1568 nostro
1382 1541 1385 1546 ·

396 1623 527 1715 Hospes
548 1620 654 1716 Atys?
673 1635 805 1691 tantum
824 1622 944 1718 hospes
965 1621 1093 1710 adhuc,
1113 1635 1147 1689 et
1163 1621 1318 1715 conjugis
1339 1619 1433 1689 ultor

394 1739 516 1811 Infelix
533 1741 686 1812 nondum
704 1745 768 1812 iste
786 1768 853 1812 suae
870 1768 878 1810 :
899 1767 959 1811 nos
976 1744 1118 1837 pignora
1132 1757 1231 1812 ,tanta

394 1862 594 1932 Prodimus?
606 1893 623 1928 n
642 1865 822 1958 insurgunt
835 1865 927 1958 justo
945 1861 1076 1932 firmata
1095 1862 1225 1957 pudore

395 1983 562 2078 Agmina,
578 1985 699 2077 cuique
714 2009 781 2053 suae
800 1982 928 2053 rediere
946 1985 981 2052 in
1000 1998 1138 2077 pectora
1153 2007 1252 2051 curas.

442 2106 577 2174 Interea
596 2102 732 2173 thalami
753 2120 882 2174 secreta
899 2106 934 2172 in
952 2119 1049 2198 parte
1071 2129 1220 2192 sorores,

393 2226 459 2293 Par
478 2223 571 2294 aliud
590 2249 746 2312 morum,
767 2224 946 2319 miserique
966 2226 1103 2293 innoxia
1120 2223 1233 2320 'proles

394 2345 602 2442 OEdipodae,
622 2347 732 2416 varias
753 2348 1068 2416 miscentrsermone
1087 2327 1251 2441 querelas.

392 2468 464 2537 Nec
484 2464 573 2536 mala
592 2491 666 2561 quae
680 2468 800 2561 juxta,
822 2467 881 2536 sed
900 2465 1000 2561 longa
1022 2467 1063 2535 ab
1084 2469 1215 2561 origine
1237 2466 1322 2552 fati,

391 2590 472 2656 Haec
491 2589 607 2656 matris
629 2588 749 2675 taedas,
769 2586 884 2657 oculos
903 2603 954 2657 ast
971 2586 1028 2657 illa
1047 2603 1224 2682 paternos,

391 2706 506 2777 Altera
521 2723 739 2804 regnantem,
760 2707 943 2804 profugum
959 2710 1061 2803 gemit
1078 2705 1183 2778 altera
1199 2709 1360 2796 fratrem,

393 2827 485 2897 Bella
505 2828 610 2898 amhae
626 2855 634 2896 :
651 2830 763 2925 gravis
779 2829 860 2897 hinc
880 2830 993 2897 miseri
1010 2831 1180 2898 cunctatio
1193 2831 1278 2899 soti.

391 2949 498 3020 Nubat
515 2965 659 3043 utroque
680 2951 798 3036 timor,
818 2974 998 3044 quemnam
1016 2950 1081 3018 hoc
1100 2953 1282 3020 certamine
1302 2955 1447 3036 victum,

391 3071 503 3160 Quem
520 3071 637 3140 vicisse
655 3068 761 3139 velint
780 3097 787 3138 ε
807 3071 907 3139 tacite
926 3070 1160 3164 praeponderat
1177 3071 1282 3140 exsul.

441 3191 496 3260 Sic
516 3189 709 3260 Pandioniae
730 3202 889 3285 repetunt
908 3189 965 3258 ubi
983 3188 1049 3258 fida
1064 3189 1224 3261 uolucres

392 3314 565 3408 Hospitis,
587 3327 689 3408 atque
707 3309 810 3382 larem
830 3310 951 3380 hruma
969 3310 1123 3405 pulsante
1141 3311 1316 3400 relictum,

392 3436 557 3526 Stantque
576 3457 676 3527 super
693 3432 808 3520 nidos,
829 3434 1017 3525 veterisque
1037 3433 1174 3502 exordia
1195 3434 1253 3503 lati

392 3558 562 3624 Enarrant
578 3555 692 3640 tectis,
713 3568 746 3621 et
764 3568 922 3622 truncum
942 3577 980 3621 ac
997 3551 1106 3622 flebile
1124 3580 1280 3624 murmur

391 3675 507 3745 Verba
522 3688 662 3768 putant3
679 3697 811 3767 voxque
826 3669 1017 3742 illatamen
1037 3699 1103 3743 non
1122 3673 1258 3745 dissona
1276 3678 1396 3746 verbis.

442 3800 553 3888 Atque
574 3795 619 3862 ibi
636 3809 711 3888 post
727 3793 908 3887 lacrymas,
924 3807 958 3862 et
975 3791 1077 3889 longa
1095 3793 1225 3865 silentia
1243 3822 1359 3866 rursus

392 3917 534 3986 Inchoat
551 3919 681 3985 Ismene
699 3941 707 3982 :
726 3916 920 4003 «Quisnam
936 3914 992 3983 hic
1012 3914 1208 3985 mortalibus
1226 3920 1341 3987 error?

394 4041 479 4126 Quae
498 4035 759 4108 dcceotafides?
778 4061 893 4105 curam
912 4034 1087 4130 invigilare
1110 4038 1232 4130 quieti,
