3192 5148
350 508 380 580 vj
561 500 563 504 ’
655 499 707 562 ua
727 507 757 560 n
780 505 938 563 varmo
958 501 1098 565 scano

352 605 418 701 hoc
444 631 656 727 potissimum
680 633 829 702 carmine
846 632 1011 727 sperabat.
1037 631 1180 702 Materia
1200 631 1271 702 hnc
1291 647 1404 728 pocta·

352 777 428 822 rum
453 767 487 825 et
514 755 686 849 epicorum
712 769 746 824 et
774 745 984 824 scenicorum
1009 754 1128 823 studiis
1153 753 1298 824 multum
1324 755 1406 826 cele·
1453 793 1457 802 ·

347 873 449 946 'brata
462 890 543 944 erat.
555 879 649 946 Inter
665 869 803 946 Graecos
820 890 898 971 post
915 875 1120 948 Thebaidem
1138 875 1314 972 cyclicum,
1331 901 1405 971 qun

351 995 394 1065 ab
423 995 591 1091 aliquibus
610 997 661 1067 vel
681 997 725 1067 ad
751 1001 936 1068 Homerum
956 997 1173 1086 referebatur,
1198 997 1310 1094 plures
1331 1023 1404 1068 cam

350 1118 499 1210 aggressi
520 1134 599 1187 sunt
621 1145 629 1187 ε
657 1119 840 1202 Menelaus
855 1123 998 1215 AEgcus
1024 1119 1201 1208 duodecim
1223 1118 1317 1188 libris
1334 1118 1404 1214 (sed

350 1236 422 1330 ejus
442 1253 549 1334 poetas
570 1240 682 1310 tenuia
708 1254 838 1309 tanturn
865 1240 1005 1334 vestigia
1025 1254 1171 1328 restant,
1192 1264 1247 1335 ap.
1267 1237 1403 1309 Suidam

350 1382 376 1426 s.
393 1381 448 1444 u,
465 1359 580 1454 Stcpb.
601 1363 678 1454 Byz.
699 1385 725 1428 s.
744 1385 798 1429 vv.
811 1357 953 1460 Τὲμμιξ
970 1359 1406 1456 et⁸Tpplva),Antagcras

350 1477 506 1548 Rhodius
525 1481 575 1573 (in
589 1482 671 1575 Vita
686 1481 781 1576 Arati
803 1506 857 1577 ap.
872 1485 1004 1552 Ernest.
1021 1479 1170 1569 Gallim,
1187 1495 1210 1549 t.
1228 1505 1258 1564 1,
1268 1505 1301 1574 p.
1315 1476 1403 1575 591:

351 1623 431 1667 narn
458 1600 494 1667 iu
520 1599 573 1688 ed.
602 1601 700 1679 Itum.
723 1601 861 1686 Bckkeri
887 1601 953 1690 alia
967 1580 1079 1672 'exstat
1103 1627 1111 1670 :
1136 1597 1287 1696 Apostol.
1316 1603 1404 1669 Pro·

350 1718 462 1788 verbb.
483 1720 599 1820 v,·8‚2,
616 1720 670 1790 rel
684 1724 803 1791 Arsen.
825 1727 860 1792 V
861 1722 915 1792 t'ol.
933 1748 967 1819 p.
989 1721 1056 1808 146
1071 1721 1178 1792 Walz.
1189 1719 1265 1790 coll.
1286 1720 1406 1790 Jacobs

350 1839 394 1910 ad
409 1841 571 1928 Antdol.,
591 1839 659 1934 vol.
675 1867 756 1930 1111,
777 1819 941 1948 pm),
964 1842 1022 1912 sed
1034 1819 1224 1938 'prasertim
1242 1845 1404 1912 Ansina-

350 1986 442 2034 caus
467 1961 720 2060 Colophonius,
752 1966 811 2058 qui
824 1949 948 2059 ¹paullo
973 1978 1052 2033 ante
1079 1963 1255 2033 Platonem
1277 1963 1405 2057 epicam

350 2085 466 2180 poesin
493 2075 713 2153 instauratam
737 2086 790 2180 sui
809 2086 969 2186 temporis
995 2086 1131 2179 ingenio
1153 2099 1187 2154 et
1213 2083 1324 2153 sensui
1350 2109 1406 2153 ac·

350 2203 587 2304 commodarit.
595 2203 697 2300 (Vide
705 2203 747 2274 de
762 2203 829 2274 hoc
846 2205 918 2298 ejus
935 2195 1048 2274 studio
1065 2207 1104 2274 A.
1115 2205 1153 2272 F.
1171 2205 1351 2274 Necnon
1370 2205 1404 2272 iu

354 2325 497 2397 Choerili
503 2327 615 2397 Samii
626 2326 792 2420 reliqdir's,
804 2327 913 2426 Lips,
931 2325 1117 2423 1817,cap.
1134 2349 1183 2412 rx,
1193 2351 1226 2420 p.
1238 2323 1285 2422 67
1296 2323 1407 2420 sqq.*)

348 2449 382 2517 Is
399 2449 504 2542 igitur
522 2461 555 2516 ct
574 2447 668 2542 prius
681 2425 808 2516 bellum
831 2445 1035 2536 thebanum,
1058 2441 1149 2540 quod
1173 2445 1299 2514 Statius
1319 2446 1405 2514 ccci-

349 2571 417 2657 nit,
444 2583 478 2638 et
493 2567 635 2638 alterum
656 2570 888 2664 Epigonorum
908 2569 1010 2638 unlus
1028 2568 1187 2638 carminis
1206 2567 1337 2637 ambitu
1357 2567 1407 2635 in·

349 2691 443 2785 genti
464 2688 648 2778 conclusit,
672 2689 713 2760 dc
737 2716 806 2785 quo
823 2691 964 2778 Cicero,
985 2692 1082 2760 Brut.
1088 2743 1099 2774 ,
1123 2713 1158 2760 ut
1178 2715 1187 2758 τ
1210 2691 1406 2782 «Magnum

350 2807 435 2881 illud
463 2811 555 2906 quod
581 2811 722 2880 novistis
743 2809 939 2883 volumen...
968 2809 1183 2880 reconditum
1210 2785 1345 2878 carmen
1370 2834 1406 2876 :a

351 2957 428 3001 narn
448 2932 594 3026 mythico
612 2929 767 3002 doctrina
789 2930 986 3004 abundabat
1006 2945 1039 3000 et
1060 2929 1240 3000 artificiosa
1259 2928 1412 2998 dictione

350 3053 526 3123 incedebat
549 3078 558 3121 z
584 3039 642 3122 sed
660 3049 702 3123 de
720 3067 792 3123 toto
812 3055 859 3123 ita
875 3053 1007 3148 judicat
1027 3050 1301 3142 Quinctilianus,
1318 3055 1404 3122 Inst.

350 3198 435 3263 x,.1,
454 3175 473 3267 §
492 3171 513 3244 3
539 3200 547 3243 :
574 3177 647 3244 «Et
662 3171 839 3244 affectibus
856 3188 890 3244 ct
903 3172 1116 3269 jucunditate
1135 3187 1175 3250 et
1187 3172 1408 3267 dispositione

349 3310 383 3365 ct
399 3297 538 3365 omnino
557 3311 629 3367 arte
647 3295 801 3366 deficitur
820 3321 827 3364 :
844 3325 861 3362 a
880 3293 1084 3390 quamquam
1094 3295 1160 3363 hoc
1173 3293 1341 3386 judicium
1359 3291 1405 3362 le·

389 3501 404 3528 *
417 3485 452 3558 In
466 3485 529 3574 ejus
543 3501 716 3558 carminibus
729 3501 850 3575 ponitur
864 3496 949 3556 etiam
963 3517 1070 3568 unum,
1085 3499 1132 3555 cui
1147 3497 1248 3554 titulus
1261 3507 1304 3553 est
1312 3495 1406 3574 laxias..

349 3613 410 3671 quo
437 3594 511 3670 quid
528 3595 635 3651 laceret
651 3613 712 3650 non
736 3592 885 3668 exputarit
906 3592 1173 3667 Schelleubergius,
1192 3590 1329 3665 quiante
1351 3590 1405 3644 hos

350 3687 408 3744 lere
423 3686 616 3763 quadraginta
630 3705 721 3742 anuos
734 3683 900 3742 Antimacbi
913 3685 1073 3762 fragancma
1087 3683 1203 3760 collegit
1217 3694 1245 3739 et
1254 3681 1340 3738 docte
1353 3699 1405 3736 ex-

349 3779 459 3856 plicuit.
473 3781 569 3835 Locus
582 3776 629 3834 hic
643 3788 685 3834 est
704 3798 711 3834 τ
729 3777 872 3860 Ᾰντίμαχος
881 3775 975 3855 logion.
990 3785 1034 3838 Tol
1049 3781 1114 3856 ‹l‘dp'
1123 3785 1144 3837 ol
1160 3784 1306 3853 ἀβολήτορις
1319 3777 1406 3852 ἄνδρες

349 3883 426 3935 lacta.
441 3873 477 3929 V.
493 3873 529 3928 D.
552 3870 584 3928 in
603 3870 761 3928 Gaislordii
773 3872 879 3927 'Poetis
893 3869 938 3946 gr'.
958 3871 1101 3938 mairona,
1123 3870 1181 3926 vol.
1205 3887 1262 3938 111,
1280 3886 1309 3941 p.
1328 3867 1404 3940 252,

349 3965 394 4024 ed.
409 3965 486 4040 Llps.
501 3975 592 4021 lentat
607 3985 614 4020 :
628 3964 777 4043 daripaxog'
791 3961 915 4042 Ῐᾶχοντι
929 3967 956 4024 d'
968 3973 1006 4043 ἄρ’
1020 3973 1041 4026 ol
1055 3973 1114 4037 ἀβ.,
1132 3971 1185 4018 ele.
1201 3961 1275 4018 Mihi
1284 3961 1315 4016 ln
1323 3979 1405 4016 men-

252 4103 256 4112 ,
349 4069 407 4114 tem
419 4065 536 4114 vener-at
551 4075 558 4112 :
572 4057 720 4136 Ᾰνςίμαχος·
736 4055 974 4135 Ῐναχίδαι’ἑ’ἄρα
992 4065 1014 4118 ot
1031 4065 1088 4130 ἀβ.,
1105 4064 1175 4128 etc,
1194 4071 1282 4129 quam
1300 4052 1400 4125 conje-

348 4164 461 4208 cturam
478 4152 626 4226 proferet,
641 4150 694 4226 qui
707 4169 842 4208 numeros
859 4149 988 4206 attendit
1191 4153 1194 4158 '
