3172 5142
173 433 207 492 (r.
218 433 272 498 85.)
474 429 690 486 THEBAIDOS
708 431 819 486 LIBER
838 432 917 488 VIII.
1163 451 1217 506 ¹¹9

171 559 251 624 Non
271 555 363 624 licito
383 555 557 648 perinane
575 551 665 622 ruis?
681 540 697 618 a
716 554 813 622 Subit
833 554 888 624 ille
908 557 1090 626 minantem

170 679 246 744 Jem
264 676 373 744 tenuis
390 676 481 760 visu,
498 675 567 766 jam
587 674 842 743 vanescentibus
862 677 979 764 armis,
1002 723 1003 726 κ

171 797 246 862 Jam
266 793 367 888 pedes
385 820 393 861 :
411 794 575 862 exstincto
594 806 704 860 tamen
724 794 929 888 interceptus
949 796 983 864 in
1003 815 1062 864 ore

172 915 317 1008 Augurii
337 913 498 1008 perdurat
517 913 640 1000 honor,
659 914 868 1006 obscuraque
887 914 990 984 fronti

170 1037 266 1102 Vitta
285 1047 414 1119 manet,
435 1055 630 1125 ramumque
649 1045 741 1101 tenet
759 1033 931 1102 morientis
950 1033 1056 1103 olivae.

223 1156 289 1222 «Si
308 1153 403 1240 licet,
423 1166 454 1222 et
474 1153 598 1221 sanctis
617 1152 673 1220 hic
693 1176 752 1220 ora
772 1151 944 1222 resolvere·
956 1153 1006 1222 sas
1025 1169 1076 1223 est

172 1274 346 1360 Manibus,
366 1297 387 1340 ο
406 1273 535 1341 cunctis
554 1271 671 1340 finitor
689 1273 832 1340 maxime
854 1297 984 1356 rerum,

172 1396 219 1462 At
234 1392 334 1480 mihi,
353 1393 411 1485 qui
425 1390 595 1485 quondam
615 1415 747 1476 causas,
767 1389 996 1486 elementaque
1016 1418 1154 1479 noram,

171 1515 217 1582 Et
235 1508 343 1582 sator!
364 1536 440 1598 oro,
460 1512 582 1600 minas,
603 1510 839 1606 stimulataque
858 1513 959 1582 corda
979 1512 1141 1603 remulce,

174 1637 264 1704 Neve
283 1636 333 1703 ira
353 1633 490 1729 dignere
509 1635 701 1722 hominem,
722 1649 756 1703 et
774 1649 832 1704 tua
848 1636 925 1729 jura
945 1635 1127 1706 timentem.

171 1758 259 1826 Nam
278 1780 340 1825 nec
353 1755 396 1825 ad
406 1753 590 1826 Herculeos
602 1754 711 1849 (unde
722 1756 791 1824 baec
802 1755 884 1824 mihi
898 1755 1073 1850 pectoral)
1085 1770 1219 1850 raptus,
1286 1751 1287 1754 ¹

173 1877 244 1944 Nec
262 1879 428 1946 Venerem
447 1874 617 1962 illicitam,
637 1874 804 1944 credebis
825 1877 1028 1971 insignibus,
1045 1877 1117 1946 ausi

172 2000 341 2066 Intremus
359 1997 489 2066 Lethen
511 2021 519 2064 :
539 1995 647 2090 fugiat
666 2020 728 2065 nec
747 1996 850 2068 tristis
869 1997 905 2064 in
924 2009 1059 2068 antrum

175 2117 363 2206 Cerberus,
382 2131 441 2186 ant
461 2131 594 2186 nostros
614 2119 730 2184 timeat
747 2116 947 2210 Proserpina
966 2139 1096 2184 currus.
1212 2115 1216 2126 '

173 2241 294 2333 Augur
312 2234 497 2332 Apollineis
511 2236 614 2306 modo
633 2234 865 2305 dilectissimus
876 2237 970 2323 aris,

172 2360 292 2425 Testor
311 2359 410 2426 inane
428 2357 539 2428 Chaos
558 2355 662 2451 (quid
681 2357 771 2425 enim
792 2356 845 2424 hic
863 2353 1028 2448 jurandus
1044 2354 1219 2450 Apollol),

171 2459 411 2547 Criminenon
431 2476 501 2547 ullo
520 2478 623 2547 subeo
642 2501 729 2548 nova
748 2477 817 2546 feta
836 2502 845 2544 z
866 2501 928 2545 nec
946 2475 1033 2544 alma

173 2599 229 2666 Sic
248 2599 355 2666 merui
374 2597 416 2666 de
436 2596 510 2666 luce
528 2599 602 2692 rapi
623 2622 631 2666 :
654 2599 716 2666 scit
731 2595 854 2689 judicis
873 2620 958 2665 urna

172 2718 313 2805 Dictaei,
332 2741 517 2810 verumque
535 2731 645 2812 potest
663 2716 868 2811 deprendere
884 2717 1007 2784 Minos.

172 2837 336 2930 Coujugis
355 2835 501 2924 insidiis,
522 2851 556 2904 et
575 2837 691 2928 iniquo
711 2835 866 2904 venditus
886 2859 984 2919 auro,

171 2954 343 3048 Argolicas
362 2957 465 3043 acies,
486 2956 576 3024 unde
594 2956 664 3024 base
683 2955 743 3026 tibi
764 2955 862 3023 turba
882 2967 1054 3022 recentum

172 3075 397 3162 Umbrarum,
418 3089 450 3143 et
470 3088 590 3144 nostrae
609 3076 751 3144 veniunt
767 3097 903 3168 quoque
921 3073 1037 3142 funera
1057 3073 1196 3157 dextrae,

172 3197 250 3261 Non
271 3197 408 3288 ignarus
428 3197 473 3262 ini
496 3219 504 3261 :
525 3195 636 3262 subito
655 3219 708 3261 me
728 3193 861 3262 turbine
879 3193 1015 3273 mundI,

172 3315 297 3381 Horret
316 3312 426 3381 adhuc
446 3315 595 3400 animus,
615 3313 733 3382 mediis
753 3338 771 3382 e
790 3309 939 3380 millibus
958 3312 1069 3379 hausit

171 3433 248 3500 Nox
265 3446 435 3525 tuaequae
453 3433 537 3501 mihi
550 3455 661 3520 mens,
681 3432 761 3501 dum
779 3457 839 3525 per
857 3455 938 3499 cava
958 3433 1084 3499 viscera
1098 3446 1194 3500 terre

174 3551 269 3620 Vado
283 3551 341 3620 diu
361 3553 527 3645 pendeus,
544 3567 576 3622 et
596 3553 631 3620 in
651 3576 728 3622 aere
747 3550 865 3620 volvor
884 3551 1023 3644 operto?

171 3672 234 3739 Hei
255 3669 357 3740 mihi!
379 3670 426 3740 nil
446 3694 485 3740 ex
505 3697 558 3741 me
577 3673 692 3757 sociis,
713 3673 894 3765 patriaeque
913 3668 1086 3756 relictum,

173 3787 236 3857 Vel
256 3805 391 3883 captum
411 3791 534 3860 Thebis
555 3818 562 3860 :
584 3816 652 3860 non
671 3793 741 3884 jam
759 3795 898 3860 Iernaea
918 3789 1038 3857 videbo

170 3911 292 3995 Tecta,
312 3933 374 3979 nce
393 3912 536 3978 attonito
555 3909 671 3980 saltem
691 3911 775 3978 cinis
793 3908 850 3978 ibo
868 3911 1010 4004 parenti.

162 4029 252 4097 ‘Non
272 4027 422 4118 tumulo,
444 4055 511 4097 non
532 4032 608 4125 igue
627 4030 743 4116 miser,
760 4027 981 4122 lacrymisque
1000 4049 1149 4097 meorum
