3192 5148
415 517 453 574 68
482 521 486 532 '
774 513 1091 576 erumnarum

415 645 609 718 Merebatur
627 657 661 712 et
679 638 811 711 Claudii
827 644 959 712 Etrusci
973 645 1038 712 mei
1056 645 1163 739 pietas
1182 644 1319 740 aliquod
1334 673 1376 717 ex
1390 661 1459 718 stn-

415 765 478 835 diis
493 765 615 835 nostris
633 762 804 850 solatium,
817 783 922 856 quum
940 761 1068 858 lugeret
1085 766 1171 867 veris
1188 764 1302 860 (quod
1322 768 1457 836 amaris·

415 887 538 956 simum
563 883 631 980 est)
648 881 802 978 lacrymis
821 903 936 952 senem
958 861 1097 978 patrem.
1113 885 1259 955 Earinus
1283 901 1457 980 praeterea,

415 1004 607 1078 Germanici
624 1003 729 1094 nostri
743 1000 899 1096 libertus,
917 1003 1150 1099 scitquamdiu
1167 1002 1370 1074 desiderium
1388 1005 1457 1098 ejus

415 1141 563 1195 moratus
596 1125 682 1213 si1n‚'
701 1149 805 1218 quum
833 1126 988 1220 petisset,
1017 1140 1057 1193 ut
1085 1123 1222 1219 capillos
1242 1123 1345 1212 suos,
1375 1149 1457 1219 quos

414 1269 491 1314 cum
522 1259 685 1340 gemmata
714 1243 835 1338 pyxide
858 1259 892 1314 et
911 1243 1048 1340 speculo
1069 1243 1112 1313 ad
1133 1247 1379 1339 Pergamenum
1397 1249 1457 1316 Aa·

416 1364 562 1460 clepium
578 1364 745 1453 mittebat,
760 1364 911 1434 versibus
928 1363 1128 1435 dedicarem.
1145 1366 1282 1435 Summa
1295 1379 1345 1434 eet
1360 1362 1457 1462 Egla

414 1509 471 1579 ga,
488 1508 554 1578 qua
570 1508 704 1554 mecum
718 1482 871 1553 secedere
887 1482 1064 1578 Neapolim
1081 1481 1257 1554 Claudiam
1273 1509 1383 1554 meam
1401 1509 1455 1554 ex·

415 1603 543 1673 hortor.
564 1604 642 1692 Hic,
671 1603 699 1672 si
720 1583 837 1672 verum
858 1601 1019 1689 dicimus,
1036 1583 1147 1672 sermo
1170 1617 1241 1690 cst;
1265 1616 1299 1672 et
1324 1603 1457 1698 quidem

414 1746 573 1813 securus,
601 1736 634 1792 et
656 1744 733 1792 cum
757 1746 878 1810 uxore,
894 1737 928 1790 et
952 1722 1009 1816 qui
1029 1719 1228 1816 persuadere
1244 1722 1339 1792 malit
1359 1747 1456 1817 quam

414 1841 555 1937 placere.
577 1844 666 1912 Huic
686 1843 853 1937 praecipue
873 1838 986 1912 libello
1006 1841 1277 1937 farebis,-quum
1300 1845 1383 1913 scias
1404 1845 1457 1913 ha·

415 1963 495 2034 bere
517 1963 774 2036 destinationem
791 1962 913 2057 quietis
934 1987 1031 2052 meae,
1051 1976 1085 2031 et
1106 1963 1166 2032 tibi
1187 1965 1331 2034 maxime
1352 1965 1456 2034 inten-

316 2123 320 2134 ·
415 2083 494 2153 dere
512 2108 520 2153 :
538 2107 657 2178 meque
675 2107 743 2153 non
762 2097 831 2151 tam
849 2081 883 2150 in
908 2083 1051 2176 patriam
1067 2106 1167 2177 quam
1184 2081 1227 2172 ad
1246 2094 1280 2151 te
1296 2081 1451 2159 secedere.
