3200 5142
394 479 470 538 uso
727 433 944 536 runnunos
968 479 1078 536 uam
1101 479 1153 537 111.
1349 479 1470 540 (asoa)
1578 477 1579 554 ς

411 606 627 702 Amphiarae,
646 606 754 689 vides,
772 631 889 675 cursus
905 621 945 674 ut
962 604 1054 676 nulla
1074 629 1209 676 serenos

411 726 489 798 Ales
508 727 609 823 agat?
625 726 821 822 liquidoque
837 725 955 822 polum
972 726 1147 821 complexa
1167 741 1280 796 meatu

410 849 583 920 Pendeat?
598 864 657 919 aut
669 848 802 944 fugiens
816 847 983 945 placabile
999 846 1167 944 planxerit
1186 848 1310 918 omen?

411 975 491 1046 Non
505 993 617 1042 comes
630 970 794 1041 obscurus
813 969 1005 1066 tripodum,
1022 995 1090 1039 non
1107 967 1257 1038 fulminis
1271 969 1391 1038 ardens

409 1095 535 1165 Vector
553 1092 667 1178 adest,
687 1091 848 1186 flavaeque
866 1115 989 1160 sonans
1009 1091 1080 1160 avis
1096 1115 1186 1160 unca
1199 1092 1379 1176 Minervae,

410 1217 490 1286 Non
508 1216 603 1283 venit
622 1215 772 1308 auguriis
789 1211 907 1282 melior
922 1238 930 1281 ε
944 1214 1027 1306 quin
1045 1208 1172 1298 vultur,
1190 1225 1225 1280 et
1242 1209 1319 1280 altis

408 1339 561 1432 Desuper
579 1337 756 1430 accipitres
772 1333 967 1405 exultavere
985 1335 1121 1430 rapinis.

408 1461 563 1528 Monstra
579 1456 710 1545 volant,
732 1455 813 1524 dirae
835 1454 978 1523 strident
997 1456 1031 1522 iu
1052 1455 1142 1523 nube
1156 1454 1325 1544 volueres,

408 1578 659 1672 Nocturnaeque
676 1589 817 1670 gemunt
835 1576 972 1669 striges,
988 1587 1021 1644 et
1037 1572 1155 1644 feralia
1171 1575 1262 1644 bubo

409 1704 542 1770 Damna
554 1723 692 1786 canens3
711 1721 784 1792 quae
801 1697 911 1793 prima
923 1699 1034 1766 Deum
1054 1711 1212 1791 portenta
1229 1698 1437 1791 sequemur?

408 1821 512 1889 Hisne
528 1818 619 1907 dari,
637 1818 851 1914 Thymbraee,
874 1816 1014 1912 polum?
1033 1818 1132 1887 simul
1150 1843 1209 1887 ora
1226 1805 1372 1906 recurvo

407 1943 532 2035 Ungue
550 1954 667 2010 secant
681 1937 823 2028 rabidae,
839 1935 1083 2033 planctumque
1101 1938 1312 2010 imitantibus
1330 1937 1393 2008 alis

408 2061 588 2155 Exagitant
603 2060 792 2154 Zephyros,
811 2074 846 2127 et
861 2057 996 2152 plumea
1015 2073 1150 2154 pectora
1170 2059 1315 2129 caedunt.
1330 2091 1347 2124 a

456 2179 518 2255 Ille
535 2182 597 2250 sub
615 2183 686 2251 haee
706 2207 714 2249 ε
732 2180 925 2275 «Equidem
945 2181 1044 2264 varii,
1064 2194 1170 2275 pater,
1189 2181 1304 2250 omina
1322 2183 1441 2251 Phoebi

411 2305 503 2397 Saepe
520 2301 598 2390 tuli;
615 2304 685 2396 jam
703 2317 785 2371 tunc
806 2303 914 2397 prima
932 2326 1038 2396 quum
1060 2302 1149 2396 pube
1168 2303 1331 2371 virentem

408 2421 578 2493 Semideos
596 2423 684 2492 inter
701 2425 802 2518 pinus
820 2448 873 2492 me
891 2421 1050 2494 Thessala
1068 2449 1162 2518 reges

406 2547 576 2630 Ducerct3
591 2544 648 2613 hic
662 2568 759 2614 casus
780 2560 944 2640 terraque
963 2546 1132 2640 marisque
1147 2562 1328 2616 canentem

406 2667 621 2760 Obstupuere
639 2666 755 2751 duces3
773 2691 907 2736 necme
924 2683 1066 2737 ventura
1084 2667 1198 2737 locuto

407 2789 539 2882 Saepius
555 2786 718 2858 indubiis
738 2787 874 2858 auditus
888 2791 1009 2859 Jasone
1023 2791 1165 2885 Mopsus
1181 2817 1189 2858 :

405 2909 472 2980 Sed
493 2908 616 2978 similes
635 2923 798 2980 nonanto
816 2925 947 2996 metus,
965 2926 1026 2980 aut
1043 2925 1134 2981 astra
1151 2914 1266 2982 notavi

403 3031 601 3125 Prodigiosa
616 3033 737 3127 magis3
761 3054 954 3126 quanquam
975 3034 1102 3126 majore
1124 3048 1295 3128 parantur.
1312 3089 1335 3131 ,

403 3157 478 3222 Huc
497 3150 635 3221 adverte
653 3155 804 3224 aninumr
823 3180 830 3221 :
848 3151 938 3222 clara
956 3156 1093 3250 regione
1107 3154 1268 3249 profundi

404 3273 574 3360 AEtheros,
595 3275 764 3344 innumeri
781 3288 972 3345 statuerunt
987 3278 1122 3372 agmina
1141 3277 1235 3372 cycni
1252 3303 1261 3344 ε

402 3396 478 3464 Sive
496 3396 556 3465 hos
574 3397 768 3489 Strymonia
783 3399 907 3466 Roreas
925 3397 1021 3492 ejecit
1037 3397 1078 3467 ab
1097 3401 1213 3487 Arcto,

398 3517 466 3584 Seu
483 3514 638 3586 soecunda
659 3517 761 3587 refert
780 3516 908 3612 placidi
919 3499 1096 3589 clementia
1116 3519 1196 3590 Nili.

401 3635 563 3706 Fiaerunt
579 3660 698 3707 cursus
716 3663 723 3707 :
743 3639 806 3707 hac
822 3663 896 3738 rere
912 3641 948 3708 in
969 3641 1116 3736 imagine
1131 3642 1263 3711 Thebas
1280 3669 1289 3712 ε

400 3759 489 3829 Nam
507 3781 576 3826 sese
593 3757 723 3828 immoti
741 3784 842 3854 gyro,
863 3777 964 3855 atque
980 3763 1015 3830 in
1034 3787 1117 3857 pace
1135 3760 1284 3848 silentes,

400 3881 472 3947 Ceu
491 3871 625 3966 muris,
642 3876 797 3975 valloque
817 3896 933 3951 teuent
950 3909 958 3950 :
977 3883 1035 3951 sed
1055 3882 1175 3954 sortior
1191 3909 1267 3954 ecce

399 3998 570 4071 adventat
585 4025 646 4096 per
661 4003 759 4072 inane
777 4003 898 4074 cohors
918 4029 925 4072 :
949 4020 1075 4100 septem
1091 4004 1209 4074 ordine
1223 4006 1315 4076 fulvo

400 4125 591 4220 Armigeras
614 4127 733 4194 sununi
750 4127 841 4196 Jovis
862 4125 1049 4196 exsultante
1064 4143 1207 4198 caterva
