3094 5140
82 529 113 590 (v.
125 527 192 590 355.)
386 521 603 580 TflEBAmos
627 525 738 580 LIBER
759 526 823 581 xli.
1076 527 1132 595 stt

83 657 129 722 Ut
146 647 298 747 paullum
316 651 466 718 immisso
483 652 581 719 cessit
599 652 699 719 statio
718 651 856 720 horrida
874 676 1008 741 somno,
1128 736 1135 748 ⁸

82 773 235 866 Erumpit
251 771 357 840 muris
375 796 383 838 :
404 769 539 840 fremitu
562 795 631 865 quo
649 773 783 841 territat
800 797 898 868 agros

81 895 229 989 Virginis
247 894 297 961 ira
313 889 372 960 lete
389 892 519 978 rabies,
540 893 595 962 cui
615 891 721 962 libera
743 893 877 963 modern

79 1019 123 1084 Et
142 1017 278 1110 primus,
290 1015 361 1082 sine
380 1027 490 1082 matre
510 1012 606 1082 suror
624 1040 633 1081 :
652 1037 714 1082 uec
735 1011 835 1109 longa
853 1029 984 1084 morata
1000 1031 1070 1102 est,

80 1138 217 1231 Quippe
232 1151 362 1204 trucem
377 1157 553 1228 campum,
569 1150 604 1203 et
616 1137 747 1230 positus
764 1161 832 1229 quo
849 1136 989 1232 pulvere
1004 1137 1109 1206 frater

81 1261 255 1328 Noverat:
276 1273 377 1350 atque
396 1253 487 1324 illam
502 1270 620 1325 contra
639 1256 731 1326 videt
749 1259 798 1325 ire
816 1261 1000 1347 Menoetes,

80 1380 144 1448 Cui
161 1393 276 1464 vacat,
295 1392 329 1446 et
347 1399 432 1446 carre
451 1378 595 1472 gemitus
613 1379 796 1472 compescit
816 1376 969 1448 alumne.

128 1501 244 1588 Quum
265 1514 376 1568 tamen
397 1513 524 1568 erectas
543 1512 713 1571 extremus
731 1500 872 1594 virginis
890 1525 987 1569 aures

78 1623 226 1690 Accessit
247 1643 350 1691 sonus
368 1645 376 1689 τ
394 1636 498 1714 utque
518 1636 592 1692 atra
611 1621 674 1710 sub
692 1638 806 1708 veste,
826 1623 998 1717 comisque

80 1741 313 1836 squalentem,
332 1757 367 1810 et
385 1765 497 1811 crasso
516 1741 673 1812 foedatam
690 1745 851 1838 sanguine
868 1742 981 1812 vultus

78 1867 256 1933 Astrorum
278 1862 397 1950 radiis,
415 1878 450 1932 et
467 1878 609 1957 utraque
626 1889 646 1933 a
665 1864 820 1960 lampade
840 1864 925 1933 vidit
943 1889 952 1932 t

80 1984 238 2076 «Cujus,
257 1985 322 2066 ait,
341 1987 479 2074 Manes,
497 2000 557 2054 aut
576 2009 677 2080 quem
697 1988 874 2055 temeraria
895 1986 1017 2079 quaeris

77 2106 186 2174 Nocte
202 2104 325 2174 meai»
341 2091 425 2174 nihil
445 2105 502 2175 ilia
520 2107 600 2193 diu,
620 2107 731 2176 sedin
750 2130 810 2176 ora
827 2109 940 2177 mariti

77 2226 223 2318 Dejicit,
238 2227 345 2320 inque
366 2251 443 2296 suos
464 2229 592 2323 pariter
611 2227 777 2298 velamina
793 2228 925 2317 vultus,

79 2347 189 2441 Capta
210 2363 300 2416 metu
320 2345 452 2436 subito,
472 2345 692 2443 paullumque
709 2348 813 2418 oblita
831 2348 967 2420 doloris.

78 2473 151 2538 Hoc
169 2471 275 2565 magis
294 2471 501 2565 increpitans
521 2487 675 2564 suspecta
696 2470 848 2560 silentia,
869 2487 997 2565 perstat

77 2592 270 2685 Antigone,
289 2593 513 2687 comitemque
531 2615 688 2686 premens
709 2595 910 2688 ipsamque:
931 2591 988 2662 sed
1008 2594 1107 2662 ambo

62 2709 267 2798 Deficiunt,
287 2712 412 2806 fixique
430 2711 556 2782 silent:
574 2714 711 2783 tandem
730 2733 788 2784 ora
809 2717 929 2783 retexit

77 2833 198 2927 Argia,
218 2857 409 2928 corpusque
431 2849 544 2905 tamen
565 2834 762 2930 complexa,
782 2835 962 2931 profatur:

76 2954 144 3022 «Si
162 2953 245 3047 quid
262 2957 298 3024 in
315 2956 380 3024 hoc
397 2957 501 3025 veteri
517 2955 685 3026 bellorum
701 2959 865 3051 sanguine
882 2981 1012 3027 mecum

19 3123 20 3130 κ
75 3075 271 3164 Quaesitura
289 3078 400 3164 venis,
421 3079 448 3146 si
470 3093 506 3147 tu
527 3103 663 3174 quoque
682 3075 767 3148 dura
787 3079 943 3149 Creontis

75 3198 174 3264 Jussa
191 3197 305 3284 times,
324 3221 477 3292 possum,
496 3200 559 3268 tibi
577 3225 631 3268 me
650 3199 792 3286 confisa,
813 3199 921 3269 fateri.

76 3319 112 3385 Si
133 3320 254 3387 misera
272 3344 327 3410 es,
349 3336 438 3391 certe
456 3319 620 3416 lacrymas
641 3320 855 3416 lamentaque
874 3347 996 3408 cerno,

74 3441 203 3534 Junge,
221 3464 297 3534 age,
310 3442 416 3536 junge
431 3440 555 3513 fidem:
574 3442 686 3540 proles
704 3467 768 3538 ego
786 3446 875 3539 regis
891 3444 1048 3513 Adrasti:

75 3559 163 3653 (Hei
183 3559 281 3630 mihi!
300 3588 381 3632 num
400 3565 476 3657 quis
492 3564 625 3660 adesti)
644 3567 712 3635 cari
731 3565 899 3660 Polynicis
917 3565 961 3634 ad
978 3566 1090 3660 ignes,
1118 3567 1119 3570 ’

72 3682 148 3749 Etsi
167 3707 273 3778 regna
292 3699 418 3754 vetant.
433 3716 450 3751 n
469 3689 607 3781 Stupuit
624 3688 785 3758 Cadmeia
803 3688 920 3783 virgo,

73 3805 323 3899 Intremuitque
342 3804 462 3893 simul,
482 3807 714 3903 dicentemque
732 3825 878 3903 occupat
894 3807 1009 3878 ultro:

73 3953 91 3988 a
105 3927 208 3994 Mene
227 3927 330 4022 igitur
347 3929 472 3998 sociam
491 3927 504 4022 (
515 3953 577 4023 pro
596 3953 668 3998 sors
688 3927 844 4025 ignerat)
865 3929 1050 4018 maiorum,

71 4049 176 4116 Mene
195 4048 317 4118 times?
335 4074 411 4120 mea
427 4049 578 4120 membra
599 4067 711 4138 tenes,
731 4077 805 4122 mea
824 4051 942 4123 funera
962 4052 1103 4150 plangis.

72 4169 187 4256 Cedo,
207 4171 274 4239 ten’
295 4170 424 4265 pudet?
441 4171 509 4242 heu
526 4176 632 4267 pietas
653 4174 774 4268 ignava
795 4173 939 4244 sororis!
956 4205 972 4239 n

921 4296 971 4366 16.
