3094 5140
78 536 119 594 (v-
139 535 209 598 ηδ.)
399 530 615 593 autumnos
636 530 748 590 um
768 533 822 590 xl.

77 667 165 738 Vidi
184 680 317 761 egomet
337 675 477 758 propter
497 679 616 759 ruptos
635 663 764 734 telluris
785 667 917 756 hiatus,

78 791 160 859 Nec
180 787 295 856 subii:
316 783 386 854 vidi
404 786 616 874 exanimum,
634 786 764 881 fecique
783 804 961 858 nocentem

78 907 223 1003 Tydea:
241 931 295 977 me
313 907 423 1002 Tegee
441 929 558 1002 regem
579 906 741 978 indefessa
761 913 925 1006 reposcit,

80 1029 247 1123 Orbaque
263 1027 449 1099 Parrhasiis
467 1026 577 1099 ululat
593 1029 677 1098 mihi
698 1044 805 1100 mater
824 1033 860 1102 in
878 1033 992 1103 antris.

78 1157 161 1246 lpse
177 1175 238 1221 nec
252 1153 377 1222 Ismeni
396 1153 503 1245 ripas,
520 1151 602 1221 dum
621 1167 741 1249 stagna
758 1169 912 1225 cruentat

81 1273 340 1370 Hippomedon,
358 1274 476 1368 Tyrias
495 1275 592 1370 potui
612 1297 674 1344 nec
692 1275 852 1346 scandere
867 1292 995 1367 turres,

81 1399 179 1466 Dum
196 1411 308 1484 tonat,
327 1409 507 1480 esttecum,
525 1398 702 1490 Capaneu,
721 1399 860 1468 miscere
879 1399 1035 1470 timores?

78 1519 169 1610 Quis
188 1532 301 1589 tantus
320 1541 383 1612 pro
401 1517 479 1588 luce*
493 1517 615 1589 timor?
634 1518 693 1588 sed
711 1518 816 1615 digna
833 1520 1028 1614 rependam.

79 1644 296 1713 Conveniunt
312 1642 505 1736 ubicunque
520 1665 641 1732 nurus,
659 1657 850 1738 matresque
866 1643 1033 1742 Pelasgae,

78 1765 311 1858 Longaevique
328 1779 458 1859 patres,
476 1787 623 1859 qnorum
641 1779 692 1835 tot
710 1764 833 1861 gaudia
852 1769 979 1862 carpsi,

80 1888 279 1982 Orbavique
297 1885 441 1956 domos:
460 1887 557 1957 fratri
573 1908 764 1958 concurro:
785 1888 867 1982 quid
886 1887 975 1960 ultra
991 1881 1067 1962 est?

79 2013 256 2106 Spectent,
276 2025 309 2080 et
327 2011 415 2080 votis
430 2009 594 2081 victorem
612 2009 768 2081 Eteoclea
786 2026 937 2106 poscant.

79 2135 224 2227 Jamque
243 2131 332 2222 vale,
351 2131 490 2226 conjux,
511 2131 692 2226 dulcesque
711 2131 820 2203 valete
839 2132 998 2229 Mycena.

81 2257 130 2324 At
149 2268 202 2340 tu,
223 2278 299 2324 care
315 2277 412 2323 socer
429 2253 511 2349 (nec
530 2255 620 2322 en'im
636 2255 747 2324 omnis
764 2252 863 2349 culpa
884 2255 1050 2327 malorum
1161 2313 1166 2328 ,

79 2375 139 2443 Mc
157 2398 276 2469 penes;
296 2388 330 2444 et
347 2374 468 2470 Superi
484 2395 632 2463 mecum,
653 2378 830 2469 Parcaeque
848 2376 1046 2474 nocentes),

82 2496 137 2564 Sis
153 2492 236 2565 lenis
252 2495 374 2583 cineri,
392 2517 513 2590 meque
531 2495 602 2565 haec
614 2511 691 2590 post
708 2493 825 2592 proelia
844 2514 978 2594 raptum

80 2614 247 2705 Alitibus,
265 2616 430 2711 fratrique
447 2629 556 2712 tegas,
575 2635 728 2712 irrnaque
748 2635 908 2715 reportes.

82 2741 159 2808 Hoc
175 2752 323 2824 tantum,
340 2753 374 2808 et
391 2754 478 2809 natae
492 2737 616 2809 melius
631 2740 801 2810 connubia
814 2742 979 2836 jungas.»

132 2860 231 2931 Ibant
248 2862 283 2930 iu
304 2859 488 2956 lacrymas3
509 2860 611 2931 veluti
632 2883 738 2956 quum
758 2885 834 2932 vere
854 2887 989 2934 reverso

81 2981 238 3052 Bistoniae
254 2996 390 3079 tepuere
406 2985 515 3072 nives,
535 2981 746 3052 submittitur
764 2985 880 3079 ingens

82 3107 235 3192 Haemus,
249 3119 283 3174 et
296 3118 456 3200 angustos
468 3103 635 3200 Rhodope
648 3104 820 3174 descendit
831 3107 866 3175 in
876 3130 1000 3176 amnes.

84 3229 240 3322 Coeperat
257 3239 290 3296 et
308 3225 376 3296 leni
397 3229 509 3297 senior
521 3226 668 3296 mulcere
684 3227 851 3297 furentem

80 3345 239 3443 Alloquio
260 3375 268 3419 :
289 3347 387 3420 scidit
403 3373 479 3419 orsa
498 3375 588 3418 novo
607 3363 735 3420 terrore
752 3364 894 3420 cruenta

81 3470 255 3557 Eumenis,
273 3461 502 3565 alipedemque
520 3471 642 3557 citum,
660 3469 842 3565 fataliaque
857 3492 968 3556 arma,

80 3592 238 3662 Protinus
258 3592 386 3663 lnachii
405 3590 518 3662 vultus
537 3617 691 3688 expressa
711 3592 861 3662 Perinthi

81 3710 232 3801 Obtulit,
249 3737 288 3784 ac
304 3711 388 3783 fidas
404 3711 546 3783 exclusit
559 3713 686 3783 casside
707 3736 814 3784 voces.

80 3838 128 3904 Ac
139 3835 320 3929 superhaec
331 3861 339 3906 ε
351 3835 690 3932 «Abrumpemorcst
705 3832 904 3921 celeremus,
915 3851 949 3905 et
959 3831 1054 3905 illum

79 3955 270 4048 Adventare
284 3956 399 4026 ferunt
412 3958 557 4051 portis.»
575 3955 631 4028 Sic
645 3957 760 4025 omnia
773 3957 870 4043 vicit,
903 3977 904 3980 ’

77 4077 346 4173 Correptumque
364 4079 478 4174 injecit
494 4103 605 4173 equo:
627 4075 715 4148 volat
733 4100 867 4173 aequore
883 4092 999 4172 aperto

76 4194 245 4289 Pallidus,
262 4199 512 4296 instantemque
529 4201 609 4271 Deae
625 4198 855 4296 circumspicit
868 4198 1034 4269 umbram.

947 4320 999 4403 ¹4·
