3206 5136
156 497 189 560 (v.
200 497 252 559 ΒΞ)
492 495 705 554 antemos
724 495 839 554 Linea
853 497 889 552 V.
1175 493 1213 553 33

206 619 293 690 «Sol
313 642 456 714 operum
476 619 605 690 medius
625 645 757 691 summo
776 619 923 690 librabat
940 618 1088 716 Olympo

156 744 339 827 Luoentes,
359 765 421 810 ceu
441 753 562 830 staret,
582 765 685 835 equos
708 767 717 810 s
737 755 855 836 quater
872 765 934 811 axe
954 765 1070 810 sereno

157 863 328 951 Intonuit,
350 875 468 955 quater
487 877 584 932 antra
602 864 667 932 Dei
686 862 845 932 fumantis
866 860 1002 932 anhelos

157 986 326 1052 Exeruere
342 983 453 1076 apices
473 1009 481 1051 :
504 983 679 1076 ventisque
696 982 891 1052 absentibus
909 984 1017 1077 AEgon

156 1105 292 1190 Motus,
309 1117 345 1172 et
361 1103 489 1198 ingenti
504 1104 667 1198 percussit
684 1101 783 1173 litora
800 1119 905 1198 ponto
922 1130 931 1171 :

156 1223 272 1310 Quum
289 1223 401 1292 subito
417 1222 603 1292 horrendas
620 1225 681 1292 aevi
697 1237 832 1294 matura
848 1222 976 1319 Polyxo

156 1341 301 1413 Tollitur
318 1344 353 1411 in
371 1342 493 1433 furias,
514 1342 737 1438 thalamisque
753 1347 883 1414 insueta
897 1343 1022 1415 relictis

155 1461 301 1534 Evolat:
317 1465 436 1534 insano
452 1462 554 1533 veluti
572 1465 772 1534 Theumesia
787 1465 900 1560 Thyas

156 1589 268 1680 Rapta
283 1588 375 1671 Deo,
392 1608 498 1678 quum
515 1609 610 1654 saera
626 1600 766 1673 vocant,
784 1583 938 1679 Idaeaque
956 1585 1075 1656 suadet

157 1709 289 1792 Burrus,
305 1719 338 1774 et
352 1729 374 1774 a
389 1705 527 1774 summis
545 1703 680 1775 auditus
700 1704 870 1776 montibus
886 1708 981 1776 Evan
999 1731 1008 1774 t

157 1827 212 1895 Sic
231 1839 340 1896 erecta
360 1849 481 1921 genas,
501 1825 673 1920 aciemque
692 1823 799 1895 effusa
817 1828 974 1896 trementi

157 1948 345 2041 Sanguine,
363 1944 529 2016 desertam
545 1944 671 2015 rabidis
688 1943 890 2016 elamoribus
905 1946 1026 2015 urbem

158 2066 332 2162 Exagitet,
351 2064 547 2162 clausasque
562 2066 699 2154 domos,
718 2080 753 2136 et
770 2063 886 2134 limina
904 2064 1058 2159 pulsans,

157 2185 349 2256 Concilium
364 2201 487 2256 vocat:
506 2184 623 2256 infelix
639 2185 816 2256 comitatus
832 2186 926 2255 eunti

159 2307 338 2378 Haerebaut
357 2309 428 2376 nati
448 2332 457 2376 :
478 2322 578 2401 atque
598 2304 662 2375 illae
681 2331 750 2376 non
770 2307 906 2401 segnius
925 2331 1041 2376 omnes

157 2433 353 2522 Erumpunt
371 2429 484 2513 tectis3
505 2451 717 2522 summasque
738 2426 781 2496 ad
801 2423 956 2498 Pallados
975 2450 1069 2496 arces

156 2552 308 2643 Impetus
323 2574 332 2617 t
347 2548 415 2618 huo
430 2571 573 2642 propere
590 2549 772 2642 stipamur,
791 2561 826 2615 et
840 2545 959 2617 ordine
976 2544 1071 2617 nullo

157 2669 334 2766 Congestae
349 2695 358 2738 z
373 2671 489 2740 stricto
504 2693 581 2738 mox
596 2693 674 2737 ense
688 2665 821 2738 silentia
829 2669 929 2763 jussit

157 2788 531 2877 Hortatrixsceleram,
546 2804 579 2858 et
591 2788 703 2858 medio
715 2790 763 2858 sic
775 2814 857 2859 ausa
868 2787 996 2884 profari
1008 2803 1057 2859 est
1071 2816 1080 2858 :

207 2942 224 2976 a
231 2917 315 2982 Rem
330 2936 496 2981 summam
510 2912 672 2980 instinctu
688 2912 876 3004 Superum,
887 2912 1066 3004 meritique
1078 2910 1215 2998 doloris,

158 3030 315 3103 Oviduae
335 3033 490 3130 (firmate
509 3033 638 3102 animos
658 3047 692 3101 et
709 3030 823 3126 pellite
843 3031 983 3128 sexum)

158 3153 376 3243 Lemniades,
396 3155 630 3248 sancireparo
649 3179 657 3222 :
677 3154 705 3222 si
725 3153 823 3222 taedet
843 3155 959 3222 inanes

158 3275 332 3345 AEternum
350 3299 483 3344 servare
499 3273 637 3360 domos,
653 3287 854 3368 turpemque
868 3275 1014 3366 juvente

158 3392 257 3464 Flore
277 3397 398 3483 situm,
420 3409 455 3464 et
473 3393 582 3488 longis
603 3392 730 3463 steriles
750 3395 786 3461 in
807 3393 952 3463 luctibus
972 3418 1097 3480 annos,

159 3517 296 3605 Inveni,
312 3515 474 3609 promitto
489 3515 599 3610 viam,
615 3538 678 3583 nec
697 3515 836 3582 numina
854 3511 995 3602 desunt,

158 3636 238 3723 Qua
258 3633 453 3704 renovanda
470 3637 586 3704 Venus
606 3659 614 3701 :
634 3631 736 3702 modo
754 3657 818 3727 par
835 3634 994 3704 insumite
1014 3634 1119 3704 robur

160 3756 322 3825 Luctibus
339 3781 347 3823 t
367 3770 467 3848 atque
481 3754 565 3824 adeo
579 3755 729 3849 primum
742 3755 808 3823 boe
820 3754 903 3823 mibi
919 3778 1057 3824 noscere
1068 3754 1189 3825 detur:

210 3877 353 3944 «Tertia
369 3890 469 3945 canet
483 3875 609 3944 hiems:
628 3875 684 3943 cui
700 3872 916 3944 connubialia
933 3873 1062 3963 vincla,

158 4000 229 4066 Aut
247 3995 386 4066 thalami
404 4013 550 4066 secretus
568 3993 700 4066 honos?
719 3995 810 4088 quod
828 3996 972 4090 conjuge
991 4008 1105 4090 peetus

160 4115 331 4209 Intepuit?
350 4118 446 4210 cujus
463 4117 547 4185 vidit
566 4116 696 4184 Lucina
715 4113 867 4185 labores?

308 4259 344 4304 ιι.
1028 4234 1050 4307 3
