3200 5142
421 468 477 540 17³
736 468 956 528 mammos
979 468 1089 526 trans
1110 470 1133 525 1.
1251 531 1255 538 ,
1353 469 1462 531 (ωας.)

419 591 580 688 Conjugis
597 610 654 664 are
677 603 756 678 tue,
773 591 909 663 cumulo
925 617 987 664 cur
1005 592 1113 664 thuris
1129 595 1191 664 Eoi

418 717 508 782 Laeta
526 711 635 784 celet?
654 711 777 784 Melius
796 713 883 784 votis
899 713 1084 784 Mareotica
1101 711 1209 782 mmet

421 835 568 927 Coptos,
584 846 618 902 et
634 821 766 902 arboni
785 831 934 927 lugentia
953 831 1093 902 flumina
1111 827 1191 904 Nili.

467 983 485 1018 a
496 951 601 1042 Quod
616 953 644 1022 si
659 953 767 1049 prisca
784 951 885 1025 luunt
901 967 1079 1024 auctorum
1093 953 1235 1024 crimina
1251 967 1383 1050 gentes,

418 1075 646 1170 subvenitque
665 1075 731 1146 tuis
752 1098 826 1146 sera
844 1074 918 1144 bec
934 1073 1098 1146 sententia
1115 1073 1222 1160 curis.

416 1198 615 1267 Percensere
631 1197 692 1268 tavi
710 1197 843 1268 senium
860 1219 951 1290 :quo
969 1209 1121 1290 tempore
1140 1193 1277 1268 undem

415 1319 595 1386 Terrarum
614 1315 719 1390 furias
734 1316 886 1408 abolere,
902 1331 938 1387 et
958 1313 1078 1387 secula
1093 1329 1185 1386 retro
1572 1367 1573 1372 η

415 1436 600 1507 Emendare
616 1453 672 1508 sat
686 1437 759 1509 est?
772 1436 973 1532 jamdudum
993 1435 1037 1506 ab
1056 1433 1191 1507 sedibus
1207 1432 1273 1504 illis

415 1559 547 1652 Incipe,
563 1559 742 1654 fluctivaga
762 1583 829 1653 qua
848 1555 1096 1653 preterlahitur
1113 1555 1205 1628 unda

416 1678 554 1748 Sicanos
571 1675 671 1774 longe
687 1678 838 1774 relegens
856 1678 1007 1775 Alpheus
1027 1701 1168 1750 umores.

414 1797 563 1868 Arcades
579 1800 635 1869 hic
651 1815 726 1890 tua,
748 1825 811 1870 nec
829 1801 941 1895 pudor
958 1799 1029 1872 est?
1046 1797 1187 1870 delubra
1205 1797 1342 1870 nefastis

416 1922 611 2012 Imposuere
625 1918 707 1992 locis
723 1946 732 1990 ε
749 1918 819 1992 illic
833 1922 1023 1992 Mavortius
1041 1920 1112 1992 axis

415 2041 606 2128 OEnomai,
624 2041 813 2135 Geticoque
831 2065 933 2136 pecus
947 2038 1116 2112 stabulare
1134 2039 1197 2114 sub
1213 2043 1330 2110 Haemo

414 2160 560 2255 Dignius
577 2162 754 2256 :abruptis
771 2161 956 2256 etiamnum
974 2159 1150 2234 inhumata
1165 2185 1347 2257 procorum

413 2278 588 2376 Relliquiis
605 2296 726 2352 nuncu
740 2307 802 2354 ora
817 2283 928 2377 rigent
943 2295 1083 2354 atamen
1102 2279 1158 2352 bic
1173 2282 1235 2352 tibi
1253 2277 1369 2375 templi

414 2405 541 2473 Gratus
561 2403 692 2474 honos:
709 2401 819 2497 placet
833 2403 895 2476 Ida
911 2427 1054 2492 nocens,
1072 2403 1279 2496 mentitaque
1294 2423 1407 2476 manes

414 2525 516 2592 Creta
532 2538 620 2592 tuos.
635 2525 694 2595 Me
708 2521 878 2594 Tantaleis
894 2525 1077 2598 consistere
1097 2523 1212 2610 tectis,

414 2644 500 2732 Quae
521 2642 657 2712 tandem
673 2642 798 2716 invidia
816 2641 888 2714 est?
906 2641 989 2714 Belli
1007 2643 1147 2714 deflecte
1164 2640 1348 2731 tumultus,

414 2767 459 2834 Et
473 2765 603 2859 generis
619 2763 793 2834 miseresce
810 2765 870 2836 tui.
891 2766 979 2838 Sunt
994 2767 1097 2860 impia
1115 2763 1183 2836 late

414 2889 531 2980 Regna
548 2885 630 2974 tibi,
648 2882 768 2956 melius
788 2909 930 2980 generos
947 2901 1086 2980 passura
1107 2902 1275 2956 nocentes.
1289 2915 1307 2952 u

463 3006 612 3076 Finierat
629 3007 771 3108 miscens
791 3005 947 3101 precibus
965 3007 1117 3108 conuicia
1134 3010 1235 3078 Juno.

414 3132 459 3199 At
478 3151 548 3196 non
564 3123 620 3195 ille
636 3127 762 3222 gravis,
782 3125 898 3215 dictis,
917 3151 1110 3222 quanquam
1126 3151 1263 3223 aspera,
1284 3143 1397 3198 motus

414 3246 574 3318 Reddidit
592 3248 665 3322 tec
680 3274 688 3318 ε
703 3246 895 3342 «Equidem
909 3248 1003 3318 haud
1018 3248 1116 3320 rebar
1132 3264 1165 3318 te
1182 3263 1296 3318 mente
1310 3248 1455 3320 secunda

415 3371 595 3456 Laturam,
611 3368 838 3464 quodcunque
857 3382 952 3458 tuos,
973 3368 1051 3440 licet
1066 3393 1199 3463 aequus,
1220 3371 1255 3438 in
1274 3371 1386 3464 Argos

415 3489 650 3580 Consularem,
670 3515 779 3584 neque
795 3515 864 3580 mc,
881 3490 982 3560 detur
998 3492 1025 3560 si
1046 3490 1159 3584 copia,
1175 3488 1260 3568 fallit

414 3609 526 3682 Multa
543 3636 644 3709 super
660 3610 785 3682 Thebis
800 3611 988 3698 Bacchum,
1008 3634 1232 3704 ausuramque
1250 3613 1385 3682 Dionen

414 3732 553 3820 Dicere,
575 3731 633 3800 sed
651 3735 757 3802 nostri
775 3732 963 3804 reverentia
981 3730 1141 3826 penderis
1157 3731 1277 3803 obstat.

415 3850 612 3937 Horrendus
626 3853 751 3922 etenim
767 3851 897 3938 latices,
916 3853 1032 3949 Stygia
1050 3876 1185 3946 equore
1202 3851 1318 3923 lbatris

415 3975 587 4063 obtestor,
602 3999 802 4044 mansurum
820 3989 852 4044 et
871 4000 940 4044 nou
956 3970 1146 4044 revocabile
1164 3997 1302 4061 verum,

415 4094 473 4166 Nil
493 4095 565 4166 fore
585 4119 653 4190 quo
671 4093 770 4208 dictis
786 4094 902 4166 flectar
920 4119 1048 4190 :quare
1071 4093 1214 4189 impiger
1230 4092 1298 4166 ales
