3156 5138
434 453 471 512 86
504 515 509 522 ,
792 455 825 512 Ρ.
846 453 971 512 runnu
993 453 1117 512 stam

432 579 518 668 Quis
533 577 675 650 sublime
689 577 788 650 decus
804 579 1011 672 formamque
1028 579 1166 674 insignis
1183 582 1330 648 Etruscae

432 700 588 770 Nesciat?
602 700 693 770 haud
703 725 895 795 quanquam
908 701 1046 794 proprio
1061 699 1143 768 mihi
1157 699 1292 793 cognita
1309 699 1399 781 visu,

432 819 499 890 Sed
516 819 615 890 decus
628 820 786 892 eximium
801 820 915 892 sormae
928 846 991 914 par
1005 819 1113 892 reddit
1129 819 1240 914 imago

433 939 609 1028 vultibus,
623 956 658 1011 et
674 940 790 1012 similis
807 955 963 1012 natorum
979 941 1086 1037 gratia
1102 953 1278 1012 monstrat.

432 1063 503 1132 Nec
518 1060 655 1156 vulgare
672 1086 800 1156 genus:
821 1061 943 1150 fasces,
961 1085 1192 1156 summamque
1208 1058 1359 1128 curulem

432 1185 563 1270 Frater,
580 1197 614 1252 et
630 1185 796 1255 Ausonios
813 1209 924 1273 enses,
944 1183 1166 1278 mandataque
1183 1181 1271 1254 fidus

431 1301 531 1396 Signa
554 1302 650 1392 tulit,
671 1328 775 1398 quum
792 1306 900 1399 prima
918 1321 1026 1374 truces
1042 1305 1187 1374 amentia
1201 1307 1312 1374 Daoos

431 1421 588 1516 Impulit,
607 1440 642 1494 et
658 1451 780 1521 magno
798 1451 877 1520 gens
894 1443 944 1496 est
964 1425 1123 1496 damnata
1142 1425 1324 1519 triumpho.
1399 1403 1404 1412 ⁸

479 1545 533 1613 Sic
548 1545 708 1640 quicquid
723 1548 832 1644 patrio
847 1561 1009 1618 cessatum
1022 1561 1074 1616 cst
1088 1546 1267 1640 sanguine,
1285 1545 1388 1614 mater

432 1661 608 1752 Reddidit3
625 1665 869 1760 obscurumque
885 1665 972 1736 latus
988 1665 1165 1736 clarosoere
1181 1664 1264 1734 vidit

403 1779 404 1784 ¹
431 1783 609 1853 Connubio
626 1787 738 1879 gavisa
755 1784 884 1856 domus.
904 1787 1132 1881 Nccpignora
1148 1784 1270 1880 longe:

431 1903 566 1997 Quippe
581 1903 632 1973 bis
653 1904 695 1974 ad
715 1921 829 1999 partus
845 1907 934 1976 vonit
951 1907 1100 1990 Lucina,
1117 1929 1285 1999 manuque

432 2025 509 2117 Ipsa
524 2023 588 2093 levi
605 2024 759 2119 gravidos
777 2027 887 2120 tetigit
901 2025 1043 2098 fecunda
1058 2023 1197 2096 labores.

433 2142 538 2230 Felix,
558 2140 619 2214 ah!
641 2145 668 2214 si
688 2143 787 2240 longa
809 2145 896 2235 dies,
916 2147 943 2216 si
963 2171 1096 2216 cernere
1115 2143 1228 2217 vultus

431 2265 596 2336 Natorum
609 2264 795 2360 viridesque
808 2291 909 2362 genas
922 2267 983 2338 tibi
994 2270 1088 2362 justa
1098 2264 1264 2338 dedissent

431 2382 597 2454 Stamina!
614 2385 672 2455 sed
687 2385 795 2458 media
810 2386 957 2458 occidam
970 2388 1112 2481 abrupta
1127 2387 1264 2480 juventa

431 2504 586 2593 Gaudia,
605 2505 824 2602 florentesque
840 2533 941 2582 manu
957 2507 1055 2578 scidit
1072 2515 1218 2603 Atropos
1234 2531 1359 2590 annos;

431 2623 554 2713 Qualia
571 2624 730 2720 pallentes
746 2625 914 2700 declinant
930 2625 999 2702 lilia
1015 2627 1161 2715 culmos,
1195 2695 1203 2706 ,

431 2747 636 2815 Pubentcsve
654 2771 737 2816 rosae
753 2749 879 2842 primos
894 2749 1088 2820 moriuntur
1103 2747 1147 2819 ad
1163 2751 1325 2834 Austros,

430 2873 498 2936 Ant
515 2867 571 2937 ubi
590 2892 692 2942 verna
707 2869 801 2937 novis
816 2870 961 2964 exspirat
976 2893 1128 2964 purpura
1144 2869 1258 2962 pratis.

480 2984 541 3056 llla
561 2987 734 3082 sagittiferi
753 2986 1063 3076 circumvolitastis,
1084 2991 1246 3075 Amores,

430 3111 580 3197 Funera,
597 3123 816 3203 maternoque
832 3133 931 3204 rogos
950 3111 1090 3180 unxistis
1106 3134 1239 3180 amomo
1258 3135 1266 3177 :

431 3229 500 3299 Noc
513 3227 633 3299 modus
650 3244 709 3299 aut
725 3230 842 3324 pennis
858 3227 974 3300 laceris
987 3245 1046 3302 aut
1062 3231 1210 3300 crinibus
1227 3231 1338 3324 ignem

429 3351 609 3444 Spargere,
631 3349 824 3446 collataque
839 3375 955 3445 pyram
973 3367 1122 3422 struxere
1138 3352 1311 3446 pharetrae.

428 3470 521 3559 Quas
538 3484 618 3540 tunc
636 3470 788 3556 inferias,
805 3486 866 3541 aut
880 3497 953 3566 quoe
972 3471 1116 3542 lamenta
1131 3471 1275 3544 dedisses

429 3593 610 3678 Maternis,
628 3595 784 3680 Etrusoc,
801 3593 913 3687 rogis,
929 3593 987 3687 qui
1004 3593 1123 3665 funera
1142 3596 1246 3688 patris

430 3710 526 3778 Haud
545 3727 676 3782 matura
694 3727 811 3807 putas,
832 3727 932 3807 atque
948 3714 1010 3784 hos
1027 3716 1101 3809 pius
1117 3717 1256 3810 ingemis
1273 3741 1379 3787 annos
1397 3722 1411 3790 1

476 3827 576 3899 Illum
592 3847 644 3919 et,
662 3834 719 3926 qui
737 3848 823 3904 nutu
840 3858 976 3930 superas
995 3861 1085 3906 nuno
1103 3852 1263 3932 temperat
1282 3864 1373 3910 arces

430 3950 623 4043 Progeniem
642 3951 766 4024 claram
784 3957 880 4026 terris
896 3959 1039 4050 partitus
1055 3973 1088 4028 et
1103 3959 1220 4044 astris,

430 4073 538 4140 Laetus
555 4070 693 4142 Idnmaei
710 4073 846 4145 donavit
863 4077 990 4150 honore
1006 4080 1168 4173 triumphi
1185 4107 1191 4150 :
