3172 5142
421 481 460 557 98
735 477 956 543 Tflttsaluoe
976 483 1089 541 um
1112 483 1177 538 vn.
1370 484 1406 542 (v.
1420 481 1486 543 ης,

422 605 580 694 Falleris,
599 610 795 704 Antigone:
815 609 910 678 multi
932 609 1012 695 hos,
1034 633 1113 678 nam
1127 606 1253 700 decipit
1267 620 1368 693 aetas,

421 729 590 799 Dixerunt
608 728 729 798 fratres
745 755 753 798 :
770 745 867 825 pater
882 745 948 817 est,
968 745 1153 823 natusque,
1169 727 1229 794 sed
1245 729 1310 795 aevi

422 848 615 918 Conludere
632 849 751 918 modos
771 875 778 918 ε
798 875 943 946 puerum
962 850 1165 945 Lapitbonia
1183 847 1334 942 nympha

421 971 587 1055 Dircetis,
605 984 778 1064 expertem
794 970 953 1057 thalami,
972 969 1184 1062 cnidumque
1202 968 1332 1036 maritis

420 1091 581 1186 Ignibus,
600 1089 785 1160 antediem
804 1089 928 1186 cupido
951 1087 1090 1158 violavit
1108 1113 1245 1177 amore,

419 1213 580 1307 Improba
598 1212 759 1280 connubii
777 1236 785 1279 :
803 1235 866 1280 nac
884 1209 1022 1304 longum
1040 1225 1074 1279 et
1090 1208 1232 1305 pulcher
1249 1206 1442 1279 Alathreus

418 1332 557 1419 Editus,
576 1357 616 1402 ac
634 1334 750 1427 primae
768 1332 959 1426 genitorem
979 1333 1013 1399 in
1033 1331 1117 1400 llore
1131 1331 1279 1424 juventae

420 1455 659 1548 Consequitur,
679 1454 847 1546 traxitque
866 1466 978 1540 nous,
996 1466 1031 1520 et
1048 1452 1184 1521 miscuit
1201 1476 1321 1520 annos.

419 1579 462 1644 Et
480 1600 571 1644 nunc
589 1575 637 1642 sic
657 1572 777 1642 fratres
796 1575 939 1650 mentito
958 1573 1095 1642 nomine
1110 1571 1281 1667 gaudent3

419 1693 499 1766 Plus
518 1709 615 1790 pater
631 1721 639 1762 :
658 1695 751 1763 hunc
768 1692 850 1763 olim
864 1695 961 1790 juvat
978 1709 1011 1762 et
1031 1707 1173 1762 ventura
1190 1708 1357 1762 senectus.

419 1818 623 1887 Tercentum
641 1816 785 1910 genitor,
806 1815 1014 1908 totidemque
1029 1816 1065 1883 in
1082 1813 1201 1909 proelia
1219 1829 1320 1883 natus

418 1941 585 2007 Exercent
602 1938 728 2031 equites
745 1963 752 2004 :
769 1937 805 2006 hi
824 1936 1010 2006 deseruisse
1027 1936 1181 2006 seruntur

415 2073 544 2144 Exilcm
566 2071 736 2160 Glisanta,
755 2066 1025 2165 Coroniamque,
1042 2072 1185 2142 feracem

416 2195 527 2261 Messe
545 2193 744 2281 Coroniam,
765 2192 899 2260 Baccho
921 2191 1077 2265 Glisanta
1098 2192 1260 2262 colentes.

467 2312 559 2382 «Sed
582 2315 696 2407 potius
717 2310 822 2381 celsos
841 2311 1057 2381 umbrantem
1076 2311 1168 2380 bunc
1181 2311 1320 2406 adspice
1336 2310 1405 2382 late

418 2438 550 2528 Hypsea
569 2433 807 2534 quadrijugos,
827 2431 936 2528 clypei
955 2431 1171 2527 septemplice
1192 2446 1293 2500 tauro

416 2559 532 2639 Laeva,
551 2570 603 2622 ter
617 2555 731 2621 insuto
747 2568 936 2623 servantem
954 2555 1103 2648 iugentia
1119 2552 1208 2621 lerro

417 2679 581 2747 Pectora:
601 2699 680 2744 nam
700 2689 796 2770 tergo
818 2698 993 2768 nunquam
1015 2689 1152 2742 metus:
1172 2675 1265 2742 basta
1283 2689 1457 2742 vetustum

417 2787 585 2866 Silvarum
601 2795 721 2884 decus,
741 2799 869 2866 emissa
885 2798 940 2866 cui
956 2799 1069 2892 pervia
1087 2821 1218 2891 semper

418 2921 605 3012 Armaque,
623 2931 827 3014 pectoraque
847 2934 881 2986 et
900 2943 1074 3012 nunquam
1094 2943 1212 2987 rnanus
1229 2920 1326 2986 irrita
1348 2921 1434 2989 voti.

416 3041 548 3132 Asopos
570 3040 724 3132 genuisse
741 3037 855 3126 datur,
872 3037 1062 3132 dignusque
1082 3039 1187 3107 videri

344 3205 345 3208 =
416 3163 514 3230 Tunc
528 3174 640 3254 pater,
659 3159 813 3246 abruptis
833 3185 938 3252 quum
957 3159 1221 3228 torrentissimus
1238 3163 1308 3230 exit

416 3280 601 3367 Pontibus,
622 3295 680 3349 aut
699 3297 784 3349 natae
802 3282 950 3349 tumidus
963 3305 1069 3374 quum
1084 3284 1222 3377 virginis
1241 3283 1334 3351 ultor

417 3397 574 3468 Flumina
589 3401 774 3488 concussit,
793 3425 954 3494 generum
970 3401 1147 3497 indignata
1166 3373 1371 3474 Tonantem.

417 3521 573 3614 Namque
594 3520 706 3590 lerunt
726 3536 859 3615 raptam
879 3523 997 3616 patriis
1014 3525 1160 3618 AEginan
1177 3525 1219 3593 ab
1237 3524 1338 3594 undis

417 3640 583 3735 Amplexu
605 3639 739 3710 latuisse
758 3643 850 3712 Jovis
868 3669 877 3711 ε
895 3643 978 3712 lurit
994 3645 1122 3732 marris,
1138 3659 1173 3716 ct
1188 3648 1286 3714 astris

417 3761 573 3830 infensus
590 3761 715 3832 bellare
729 3780 827 3858 parat
846 3764 1018 3861 (nondum
1037 3767 1101 3835 ista
1118 3765 1265 3837 licebant

417 3884 491 3952 Nec
507 3883 686 3979 Superis);
704 3887 796 3954 stetit
814 3887 958 3956 audaces
974 3886 1102 3956 effiisus
1119 3890 1154 3956 in
1172 3891 1258 3976 iras,

419 4006 665 4099 Conseruitque
684 4031 823 4097 manus,
842 4033 903 4078 nec
924 4033 1024 4102 quem
1046 4009 1244 4104 imploraret
1264 4012 1432 4100 habebat,

417 4127 536 4195 Donec
554 4129 586 4196 vi
605 4131 751 4198 tonitrus
771 4131 963 4218 submotus,
984 4147 1019 4200 et
1038 4133 1114 4226 igne
1132 4132 1270 4202 trisulco

1578 3385 1580 3418 l

1580 4173 1581 4203 l

1580 4377 1581 4418 l
