3156 5138
653 242 660 308 i

145 442 241 505 ςιιι.)
461 438 654 494 srtvmmr
675 437 785 494 menn
806 437 856 494 ιιι,

194 563 331 634 Dicitur
347 561 470 634 Idalios
490 566 602 657 Erycis
622 562 663 632 de
683 564 806 631 vertice
825 561 915 630 tucos

143 685 360 778 Dnmpetit,
379 698 412 752 et
430 680 547 752 molles
566 683 670 777 agitat
686 687 802 754 Ventis
822 705 924 752 aurea
941 703 1082 774 cycnos,

143 803 499 897 Pergameas‘intrasse
516 800 653 889 domos,
672 802 729 870 ubi
750 802 914 876 maximus
932 802 1029 896 aegris

144 921 331 992 Anxillator
349 921 462 1010 adest,
481 938 514 998 et
531 922 721 992 festinantia
739 922 855 992 sistens

109 1131 112 1137 Ι
144 1047 228 1112 Fate
247 1041 417 1131 salutifero
436 1042 526 1112 mitis
544 1045 637 1118 Deus
656 1043 791 1112 incubat
810 1019 921 1139 ungui.

144 1164 209 1232 Hic
227 1188 369 1256 puerum
388 1164 527 1258 egregie
544 1159 741 1257 praeclarum
760 1161 866 1232 sidere
885 1161 1001 1232 lormte

110 1377 114 1384 .
144 1285 255 1377 Ipsius
273 1299 350 1359 ante
368 1286 432 1354 Dei
445 1283 621 1358 'ludentem
639 1285 802 1378 conspicit
820 1308 922 1354 arem.

143 1407 193 1472 Ac
213 1405 360 1498 primum
379 1403 488 1473 subite
507 1403 645 1498 paulurn
663 1401 801 1499 decepta
819 1401 925 1498 figure
985 1455 993 1468 ,

145 1525 314 1594 Natorum
333 1523 375 1605 de
393 1523 488 1619 plebe
507 1539 606 1620 putat
625 1550 633 1594 ι
654 1524 711 1594 sed
730 1545 798 1593 non
813 1537 889 1601 erat
907 1520 956 1590 illi

149 1645 277 1731 Arcus,
295 1659 387 1712 etex
406 1644 555 1717 humeris
572 1639 895 1738 nullaelulgentibus
914 1641 1050 1712 umbrae.

144 1764 293 1832 Miratur
311 1760 438 1858 puerile
457 1761 577 1849 decus;
595 1760 794 1856 vultumque
812 1786 988 1858 comasque

146 1883 337 1976 Aspicieus,
356 1886 480 1966 «Tune
495 1884 762 1970 Anmninsmin
776 1882 845 1952 ibis
864 1881 906 1950 ad
925 1905 1035 1963 arces,
1109 1901 1111 1907 ·
1175 1937 1185 1962 ,

144 2000 326 2096 Neglectus
345 2003 492 2073 Veneri?
509 2019 548 2072 tu
566 2001 701 2074 sordida
721 2015 826 2088 tecte,
843 1993 1028 2096 jugumque

145 2123 281 2190 Servilii
300 2121 435 2216 vulgare
453 2123 559 2192 feres?
577 2122 695 2218 procul
713 2123 799 2192 absit
819 2147 827 2189 :
847 2147 909 2215 ego
928 2122 982 2190 isti

144 2243 256 2331 Quem
274 2244 414 2332 meruit,
428 2242 543 2318 lormae
559 2243 733 2312 dominum
750 2241 846 2312 dabo.
863 2240 956 2312 Vade
971 2264 1032 2336 ege
1047 2261 1195 2324 mecum,

145 2359 261 2450 Vade,
281 2386 385 2457 puer;
404 2362 524 2443 ducam
543 2363 670 2464 volucri
690 2388 749 2458 per
768 2362 875 2434 sidera
892 2385 995 2433 curru

145 2485 284 2551 Donum
304 2484 446 2554 immane
465 2482 542 2554 duci
564 2510 572 2553 ε
595 2509 655 2554 nec
674 2497 706 2552 te
724 2480 852 2579 plebeia
872 2482 1055 2552 manebunt

144 2605 249 2686 Jura3
267 2601 418 2674 Palatino
437 2603 581 2674 famulus
600 2603 729 2674 deberis
747 2604 863 2674 mnori.

147 2721 205 2793 Nil
225 2734 306 2817 egog
325 2723 391 2813 nil,
411 2725 537 2809 fateor,
556 2739 628 2798 toto
646 2739 716 2795 tem
735 2724 831 2794 dulce
849 2724 911 2794 sub
930 2725 1010 2793 orbe

149 2849 219 2914 Aut
238 2843 329 2934 vidi,
349 2861 408 2916 aut
425 2849 534 2940 genui.
556 2845 662 2918 Cedat
681 2846 742 2915 tibi
760 2847 921 2914 Intrnius·
933 2842 1022 2913 ultro

148 2967 393 3060 Sangariusque
411 2991 513 3061 puer3
532 2989 696 3061 quemque
715 2966 810 3034 irrita
829 2964 929 3033 fontis
947 2966 1058 3058 imago

148 3088 191 3154 Et
210 3084 329 3154 sterilis
348 3087 554 3181 consumpsit
572 3110 667 3155 amor
685 3111 693 3154 :
716 3099 748 3156 te
765 3083 885 3154 cerula
903 3087 985 3155 Nelo

149 3203 286 3292 Mellet,
303 3221 338 3274 et
356 3230 520 3300 apprensa
539 3206 690 3288 traxisset
709 3206 828 3276 fortius
841 3230 941 3274 urna.

149 3329 222 3412 Tu,
241 3351 344 3420 puer,
363 3341 440 3396 ante
458 3351 596 3411 omnes;
615 3325 705 3396 solus
723 3327 900 3396 formosior
917 3324 974 3394 ille

150 3447 214 3514 Cui
232 3443 373 3515 daberis.
386 3475 404 3510 r
423 3447 483 3516 Sic
496 3471 592 3534 orsa,
613 3445 699 3516 leves
719 3471 829 3518 secum
849 3446 920 3541 ipse
938 3469 1000 3539 per
1017 3468 1115 3513 auras

150 3564 271 3654 Tollit,
290 3563 485 3660 olorinaque
500 3567 597 3660 jubet
614 3566 786 3638 considere
804 3567 891 3660 biga.

199 3689 271 3757 Nec
288 3711 383 3756 mora
402 3712 411 3755 ε
427 3688 498 3781 jam
517 3688 604 3757 Latii
620 3702 771 3775 montes,
790 3688 977 3780 veterisque
995 3701 1128 3779 penates

152 3805 318 3894 Evandri,
337 3831 421 3900 quos
439 3806 528 3877 mole
547 3833 633 3877 nove
651 3821 747 3903 pater
765 3805 906 3900 inclytus
926 3807 1018 3875 urbis

152 3925 298 4014 Excolit,
318 3939 358 4009 et,
369 3929 508 4008 summis
526 3944 635 4023 aequet
653 3929 874 3998 Germanicus
892 3928 999 3996 astris.

150 4048 245 4116 Tunc
263 4048 402 4142 propior
416 4048 486 4142 jum
506 4072 586 4118 cure
603 4051 701 4137 Deae,
721 4073 794 4141 quae
813 4048 919 4117 forma
937 4043 1065 4141 capillis
