3094 5140
330 469 384 526 188
615 509 619 515 -
645 466 862 524 autumnos
882 463 997 520 LIBER
1015 463 1069 520 x:
1259 459 1292 524 (s.
1306 461 1387 524 Μ)

326 599 397 665 Vos
413 619 547 690 quoque
564 597 700 684 sacrati,
716 597 958 690 quamvismea
974 593 1126 662 carmina
1143 606 1283 686 surgant
1306 637 1308 642 ,

326 714 600 810 Inferiorelyra,
622 740 787 790 memores
806 715 1006 810 superabitis
1026 738 1143 786 annos.
1178 787 1185 802 ,

327 838 481 907 Forsitan
494 851 528 906 et
546 838 773 914 comitesfnon
791 837 1028 931 aspernabitur
1043 835 1182 905 umbras

326 956 511 1052 Euryalus,
531 958 737 1052 Phrygiique
756 956 912 1036 admittet
928 955 1036 1052 gloria
1057 959 1142 1026 Nisi.

374 1083 420 1149 At
436 1077 527 1148 serus
546 1079 720 1174 Amphion
729 1129 744 1165 „
755 1079 905 1174 regiqui
920 1077 1216 1172 factareportent,

326 1197 565 1294 Edoceautque
585 1198 720 1288 dolum,
739 1202 939 1294 captivaque
958 1223 1101 1294 corpora
1120 1199 1282 1286 reddant,

326 1321 433 1387 Mittit
447 1343 553 1388 ovans
571 1345 580 1388 τ
599 1318 720 1390 clausis
737 1321 809 1414 ipse
825 1319 987 1390 insultare
1005 1319 1151 1414 Pelasgis
1175 1361 1178 1368 =

326 1437 469 1527 Tendit,
487 1453 521 1510 et
538 1439 685 1510 abscisos
701 1437 870 1514 sociorum
888 1440 1065 1510 ostendere
1084 1439 1207 1509 vultus.

376 1563 507 1630 Interea
526 1560 684 1631 reducem
703 1585 879 1632 murorum
899 1587 918 1631 e
936 1560 1084 1632 culmine
1102 1563 1198 1631 Graii

326 1679 574 1752 Thiodamanta
593 1681 736 1752 vident:
758 1707 820 1753 nec
837 1685 907 1775 jam
926 1685 1141 1782 erumpentia
1159 1681 1268 1753 celant

327 1802 481 1893 Gaudia,
504 1819 542 1874 ut
557 1819 688 1874 exertos
701 1828 813 1893 enses,
832 1819 867 1875 et
886 1805 976 1876 caede
992 1808 1118 1875 recenti
1161 1835 1162 1838 ¹

326 1931 430 1999 Arma
447 1926 569 1998 rubere
583 1941 708 1996 notant.
728 1953 736 1996 :
757 1951 867 1997 novus
885 1925 994 1996 assilit
1010 1927 1134 1996 athera
1155 1951 1298 2023 magnus

326 2047 483 2137 Clamor,
500 2063 535 2118 et
553 2072 573 2118 e
591 2044 893 2143 summopendent
907 2048 1029 2142 cupida
1047 2049 1181 2143 agmina
1199 2047 1289 2117 vallo

326 2174 477 2243 Nascere
494 2172 637 2266 quisque
656 2195 734 2242 suos
752 2196 761 2239 ε
780 2169 955 2240 volucrum
976 2170 1023 2238 sic
1042 2169 1141 2239 turba
1158 2183 1331 2239 recentum

327 2299 445 2387 Quum
464 2293 624 2365 reducem
645 2293 748 2391 longo
768 2295 940 2390 prospexit
958 2296 992 2362 in
1013 2295 1137 2363 aethere
1156 2307 1315 2380 matrem,

326 2423 381 2488 Ire
401 2420 495 2514 cupit
514 2433 649 2507 contre,
670 2441 867 2512 summaque
885 2442 905 2486 e
925 2417 1076 2512 margine
1096 2413 1166 2484 nidi

326 2543 444 2611 Exstat
464 2540 561 2609 hians
579 2566 587 2610 :
606 2540 812 2635 jamjamque
829 2537 944 2628 cadat,
961 2541 997 2609 ni
1009 2555 1146 2634 pectore
1163 2553 1235 2607 toto

328 2662 449 2733 Obstat
465 2677 584 2757 aperta
601 2687 738 2758 parens,
757 2675 791 2730 et
807 2661 1000 2730 amantibus
1019 2662 1170 2756 increpet
1191 2659 1262 2730 alis.

327 2787 489 2879 Dumque
508 2808 594 2878 opus
614 2807 794 2870 arcanum,
815 2795 850 2852 et
867 2783 961 2852 taciti
980 2780 1179 2878 compendia
1198 2784 1320 2852 Martis

327 2909 557 2994 Enumerant,
577 2903 727 2999 laetisque
742 2929 819 2974 suos
837 2903 1067 3000 complexibus
1082 2903 1239 2999 implent,

328 3024 524 3121 Hopleaque
544 3027 745 3120 exquirunt,
767 3025 969 3120 tardumque
986 3027 1156 3120 Dymanta
1176 3039 1383 3118 queruntur,

326 3151 414 3217 Ecce
432 3162 466 3218 et
480 3148 619 3218 Dircaeae
630 3147 728 3240 juxta
746 3145 814 3216 dux
831 3146 984 3216 concitus
1005 3143 1065 3215 alae

328 3271 479 3338 Venerat
491 3268 664 3362 Amphion
683 3293 691 3336 :
709 3291 779 3337 non
795 3265 936 3363 longum
953 3267 1043 3337 caede
1058 3269 1184 3337 recenti
1210 3293 1217 3305 ¹

327 3365 494 3478 Laetatus,
514 3387 605 3460 videt
622 3389 809 3459 innumeris
827 3388 957 3459 fervere
975 3389 1118 3459 catervis
1142 3403 1146 3412 ⁴

327 3507 517 3599 Tellurem,
538 3521 639 3605 atqtte
659 3535 728 3581 una
747 3525 880 3606 gentem
898 3513 1068 3605 exspirare
1088 3511 1195 3579 ruina.
1223 3543 1227 3553 ·
1262 3597 1267 3605 ¹
1384 3537 1389 3548 ¹

335 3729 338 3736 ,
378 3633 447 3722 Qui
469 3648 595 3703 tremor
614 3632 732 3702 illicita
747 3633 822 3703 coeli
841 3633 883 3703 de
900 3632 1055 3728 lampade
1075 3647 1200 3716 tactos,

328 3755 394 3824 Hic
411 3753 485 3824 fixit
501 3755 677 3848 juvenem,
699 3755 893 3850 pariterque
910 3755 1052 3823 horrore
1071 3753 1133 3822 sub
1152 3777 1221 3822 uuo

329 3879 423 3964 Vox,
442 3875 549 3964 acies,
568 3875 772 3970 sanguisque
791 3876 894 3970 perit,
913 3877 1125 3971 gemitusque
1143 3887 1320 3968 parantem

232 3986 235 3995 ¹
328 4000 404 4090 lpse
424 3994 514 4065 ultro
526 3997 693 4065 convertit
707 4021 813 4090 equus
834 4023 842 4065 :
864 3996 952 4092 fugit
970 3996 1164 4066 alaretorto

330 4115 482 4186 Pulvere.
504 4115 669 4189 Nondum
688 4115 737 4186 illi
755 4117 945 4188 Thebarum
963 4116 1109 4187 claustra
1130 4115 1310 4202 subibant,
