3200 5142
406 402 461 478 ¹9⁸
715 401 930 468 Tfluuuoos
951 403 1063 470 Lmen
1085 402 1122 458 u.
1336 401 1371 445 u.
1386 398 1468 458 ιη.)

403 524 556 596 Pollutos
573 523 700 620 placuit
719 525 867 599 fraterno
885 526 1048 621 sunguine
1062 526 1208 619 Tydeus.

404 648 492 716 Hine
507 660 634 735 tumor,
650 661 686 716 et
700 644 820 741 longus
838 647 932 716 fratri
951 646 1157 740 promitteris
1176 645 1280 716 exsul.

403 769 481 861 Ipse
497 770 607 836 Deum
626 768 758 861 genitor
774 767 834 836 tibi
850 791 905 838 me
921 770 1096 840 miseratus
1110 769 1153 838 ab
1169 767 1238 838 nito

402 887 529 976 Mittin
547 887 634 958 habe
650 887 798 972 Thebas,
814 913 1005 984 caecumque
1019 867 1179 984 cupidine
1196 890 1307 984 regui,

401 1011 640 1104 Ausurumque
656 1006 773 1078 endem
791 1033 987 1105 germnnum
1004 1008 1154 1104 expelie;
1172 1035 1234 1080 nec
1250 1007 1339 1080 ulna

401 1111 580 1199 Fraternos
597 1129 783 1200 inhinnt'em
799 1130 912 1199 obitus
928 1131 999 1203 sine
1014 1130 1119 1200 fidere
1136 1131 1253 1226 ooeptis

401 1249 607 1335 Fraudibus,
625 1263 684 1323 aut
700 1248 829 1320 Cadmo
849 1249 1001 1320 dominas
1019 1250 1142 1322 inferre
1161 1254 1358 1346 Mycenas.»

450 1371 560 1456 Dixit,
577 1384 612 1439 et
628 1369 826 1459 abscedens,
846 1372 970 1442 etenim
984 1373 1055 1466 jam
1073 1369 1197 1465 pallida
1213 1371 1352 1442 turbent

402 1490 519 1563 Sidera
536 1491 618 1562 lucis
635 1493 730 1584 equi,
750 1515 862 1562 ramos
879 1517 919 1562 ao
936 1491 1061 1564 vellera
1076 1492 1180 1563 fronti

401 1614 575 1709 Deripnit,
590 1617 762 1688 confessus
779 1633 895 1702 avum,
913 1612 1047 1709 dirique
1062 1616 1197 1709 nepotis

401 1734 559 1808 incubuit
575 1737 685 1808 stratis
700 1733 880 1831 :jugulum
897 1759 977 1804 mox
996 1733 1086 1804 cudo
1100 1749 1273 1829 petentem

401 1856 435 1924 N
437 1854 536 1945 udat,
552 1871 586 1930 et
604 1856 743 1929 undanti
760 1854 934 1951 perfirndit
950 1839 1092 1926 vulnere
1108 1879 1278 1926 somnum.

449 1973 504 2045 Ilii
523 1990 622 2074 rupto
638 1979 753 2078 quies3
771 1975 893 2052 attollit
912 1977 1083 2064 membra,
1100 1991 1243 2071 toroque

402 2095 551 2190 Erigitur
570 2096 688 2191 plenus
706 2098 885 2183 monstris,
902 2121 1094 2190 vanumque
1110 2083 1262 2168 cruorem

402 2218 601 2308 Excutiens,
622 2215 722 2293 simul
740 2218 856 2288 horret
870 2241 990 2302 avum,
1007 2216 1214 2312 fratremque
1231 2219 1385 2312 requirit.

404 2337 523 2428 Qualis
540 2339 600 2430 nbi
617 2337 735 2408 audito
750 2313 933 2409 venantum
953 2361 1128 2410 murmure
1148 2339 1244 2432 tigris

403 2461 543 2530 Horruit
562 2460 597 2528 in
617 2457 781 2547 mucules,
797 2481 1002 2553 somnosque
1018 2459 1160 2530 excussit
1181 2460 1329 2546 inertes;

403 2579 495 2650 Belia
511 2581 622 2675 cupit,
641 2579 798 2674 issetque
815 2601 932 2676 genus,
951 2593 986 2649 et
1002 2593 1166 2675 temperet
1182 2605 1333 2677 ungues;

403 2703 484 2772 Mox
502 2701 571 2774 ruit
587 2701 622 2770 in
640 2714 784 2788 turmas,
802 2702 955 2794 natisque
971 2697 1129 2770 alimenta
1148 2706 1296 2775 cruentis

403 2825 593 2917 Spirnutem
610 2821 674 2892 fert
691 2845 750 2893 ore
768 2821 880 2892 virum
898 2846 907 2888 ε
927 2823 975 2891 sic
993 2823 1117 2894 excitus
1139 2828 1189 2898 ira

403 2948 551 3032 Ductor,
571 2943 606 3012 in
623 2940 795 3012 absentem
814 2948 981 3016 consumit
1001 2945 1117 3042 proelin
1136 2946 1285 3016 fratrem.

453 3071 496 3136 Et
510 3064 581 3160 jum
595 3068 787 3166 Mygdoniis
803 3067 889 3139 eletn
910 3067 1076 3139 cubilibus
1091 3065 1162 3139 alto

403 3186 589 3282 Impulerat
607 3189 691 3260 culo
709 3188 834 3292 gelidus
852 3191 984 3262 Aurora
1001 3189 1171 3276 tenebras,

404 3312 569 3381 Rornntes
586 3335 723 3383 excussu
740 3335 869 3400 comus,
887 3309 1099 3404 multumque
1116 3312 1271 3404 sequenti

405 3429 480 3504 Sole
497 3432 645 3504 rubens:
664 3429 713 3502 iili
731 3457 847 3504 roseus
866 3457 926 3527 per
944 3429 1059 3506 nubila
1076 3455 1166 3500 seras

405 3550 557 3622 Advertit
574 3552 740 3642 flammas,
759 3551 974 3647 alienumque
991 3551 1115 3624 ethera
1133 3551 1229 3624 tardo

405 3671 540 3740 Lucifer
556 3672 625 3740 exit
641 3697 743 3766 equo,
763 3671 870 3742 donec
889 3687 983 3766 pater
1002 3673 1119 3767 igneus
1134 3673 1251 3742 orbem

405 3789 566 3886 Impleat,
583 3806 684 3886 atque
701 3793 764 3887 ipsi
784 3792 894 3864 radios
911 3807 999 3864 vetet
1014 3817 1085 3864 esse
1101 3795 1218 3862 sorori.

455 3916 572 4004 Quum
591 3915 702 3984 senior
717 3913 932 4002 Tnlaonides‚
948 3940 1010 3996 nec
1028 3912 1129 4010 ionga
1148 3915 1268 3984 morati

406 4035 623 4129 Dircaeusque
639 4035 782 4130 gradum
800 4039 991 4130 pariterque
1009 4035 1187 4106 Acheloius
1207 4037 1306 4104 heros
