3156 5138
603 1231 669 1300 AD
692 1227 866 1306 IULIUM
892 1223 1208 1296 MENECRATEM

789 1417 837 1466 OB
861 1415 1020 1467 PROLEM.

839 1687 972 1707 ⁴—-

435 1931 557 2000 Pnnon
572 1927 660 1998 fores
676 1929 863 2021 Superum,
880 1925 1065 2018 vittataque
1080 1921 1205 2018 templa
1224 1923 1346 1994 Sabaeis

386 2032 541 2120 Nubibus
555 2061 588 2118 et
603 2037 769 2141 pecudum
784 2045 879 2115 libris
893 2044 1095 2139 spirantibus
1113 2041 1231 2137 imple,

385 2167 595 2261 Parthenope
611 2192 620 2236 ι
636 2164 718 2236 clari
736 2189 841 2260 genus
857 2187 933 2234 ecce
952 2164 1152 2233 Menecratis
1169 2177 1267 2258 auget

387 2289 501 2358 Tertia
514 2287 583 2380 jam
600 2283 730 2355 soboles
749 2310 758 2354 ε
777 2307 953 2379 procerum
971 2283 1031 2352 tibi
1049 2279 1161 2352 nobile
1176 2281 1297 2377 vulgus

389 2406 535 2491 Crescit,
555 2420 589 2474 et
609 2405 717 2474 insani
736 2401 863 2472 solatur
882 2400 1003 2472 damna
1022 2401 1153 2472 Vesevi.

436 2525 508 2598 Nec
525 2521 634 2594 solnm
654 2521 754 2591 festas
776 2535 904 2614 secreta
923 2519 1083 2616 Neapolis
1104 2545 1177 2590 aras

389 2645 525 2714 Ambiat
545 2668 554 2713 t
574 2655 607 2711 et
625 2642 707 2711 socii
724 2653 861 2735 portus,
881 2639 1069 2734 dilectaque
1087 2641 1178 2710 mitis

390 2767 491 2833 Terra
507 2761 718 2849 Dicarcheae,
737 2784 799 2829 nec
814 2784 884 2829 non
903 2758 1002 2855 plaga
1019 2785 1097 2830 cara
1115 2759 1265 2830 madenti

390 2882 589 2952 Surrentina
606 2881 679 2950 Deo
698 2880 794 2949 sertis
813 2878 931 2949 altaria
948 2881 1082 2976 cingat;

388 3002 535 3072 Materni
555 3022 622 3093 qna
641 2997 721 3069 litus
741 2999 816 3088 avi,
837 3023 936 3093 quem
955 3000 1057 3070 turha
1076 3013 1236 3094 nepotum

390 3120 539 3206 Circuit,
558 3132 593 3188 et
612 3117 735 3190 similes
753 3119 927 3190 contendit
947 3118 1087 3188 reddere
1104 3117 1226 3189 vultus.

391 3236 544 3310 Gaudeat
563 3252 597 3308 et
615 3239 740 3334 Libyca
760 3239 931 3334 praesignis
952 3237 1136 3309 avunculus
1151 3239 1266 3326 hasta;

391 3363 541 3454 Quaeque
557 3359 620 3428 sibi
636 3360 764 3455 genitos
781 3374 898 3453 putat,
916 3357 1106 3452 attollitque
1122 3358 1268 3452 benigno

391 3476 486 3548 Polla
503 3479 589 3548 sinn.
609 3481 743 3566 Macte,
764 3503 785 3546 ο
801 3479 953 3572 juvenis,
975 3481 1033 3572 qui
1054 3493 1148 3548 tanta
1167 3475 1309 3547 merenti

392 3599 537 3668 Lumina
557 3597 615 3667 das
633 3599 757 3691 patriae.
778 3597 880 3668 Dulci
900 3597 1013 3668 fremit
1032 3623 1109 3668 ecce
1127 3595 1274 3667 tumultu

392 3720 458 3788 Tot
475 3717 620 3788 dominis
636 3717 779 3788 clamata
799 3717 919 3787 domus
936 3744 944 3788 :
962 3716 1080 3812 procul
1097 3733 1170 3787 atra
1186 3713 1318 3786 recedat

392 3837 544 3923 Invidia,
564 3852 664 3931 atquc
683 3836 749 3907 alio
767 3837 903 3907 liventia
923 3853 1059 3934 pectora
1075 3837 1196 3907 flectat.
1290 3845 1296 3856 '

393 3958 454 4027 His
472 3957 621 4045 senium,
639 3955 813 4052 longaque
833 3957 936 4027 decus
955 3958 1110 4048 vinutis,
1130 3970 1163 4026 et
1181 3955 1255 4026 alba

394 4081 559 4172 Atropos,
577 4091 611 4148 et
629 4079 757 4172 patrius
776 4075 888 4147 lauros
904 4079 1073 4173 promittit
1091 4075 1223 4172 Apollo.
1263 4137 1270 4148 .
