3200 5142
396 491 438 548 nt
459 491 489 546 Ρ.
510 493 541 545 r.
563 487 688 545 sumi
709 490 804 546 snv.
823 492 893 545 uin.
915 491 968 546 111.
1151 492 1207 561 267

199 606 298 662 Multa
311 623 400 680 super
409 606 505 662 urslole
523 601 562 680 (v.
577 601 641 683 68).
660 605 749 678 Quasi
764 605 841 662 dicas
854 607 944 662 multa
961 605 1210 678 superabundante

156 697 265 755 indole.
280 697 370 769 Quod
390 691 552 771 aemulum
565 697 672 754 rddere
684 698 794 772 poturis
807 699 869 754 aliis
886 697 1029 772 ejusmodi
1042 715 1088 772 ap.
1103 701 1211 770 Gron.‚

156 809 187 864 p.
207 791 262 864 159
277 808 336 864 sq,
352 799 381 845 et
398 789 465 856 408.

199 883 310 938 Passus
324 878 363 960 (v.
384 880 442 958 72)·
456 881 571 938 —Soil
588 899 631 953 es,
646 882 798 956 pertulisti.
816 884 995 956 Tyrannum,
1015 885 1182 960 Caligulam.

201 976 302 1050 longo
319 974 474 1030 mmisit
485 974 590 1030 habere
606 975 714 1030 Neroni
726 972 764 1053 (v.
781 973 844 1053 78).
859 979 959 1051 Longo
977 978 1101 1051 explicat
1120 979 1209 1034 Gron.

157 1069 189 1123 in
206 1069 324 1142 longum
338 1077 467 1140 tempus,
481 1067 532 1140 qui
550 1067 615 1139 diu,
627 1086 682 1140 per
694 1077 788 1124 toturn
797 1068 910 1142 imperii
923 1069 1212 1144 tempus,Claudium

157 1161 314 1228 Etruscum
328 1158 359 1213 in
371 1160 437 1216 aula
456 1159 599 1216 hahuerit
622 1159 680 1216 sed
693 1179 760 1216 vera
774 1179 833 1218 esse
853 1159 969 1218 videtur
982 1163 1150 1218 MSStorum
1167 1163 1212 1216 le-

157 1252 218 1308 ctio
233 1271 240 1306 :
257 1253 369 1326 longo...
387 1254 507 1326 nepoti:
522 1253 657 1310 Claudius
674 1273 734 1310 non
748 1253 808 1310 filio
827 1253 981 1310 transmisit
998 1273 1078 1328 euru,
1096 1254 1146 1310 sed
1160 1257 1211 1329 qui

157 1347 247 1420 longe
260 1347 296 1400 ab
310 1346 373 1420 ipso
388 1355 465 1416 erat,
475 1345 583 1420 nepoti.
598 1348 701 1421 Neque
714 1345 905 1424 argutandum
919 1346 949 1402 in
963 1337 1079 1402 eo'cum
1092 1346 1195 1404 Markl.
1203 1388 1213 1418 ‚

158 1438 244 1512 quod
262 1439 341 1494 Nero
359 1457 420 1494 non
440 1439 529 1513 ipsius
550 1439 663 1499 Claudii
676 1459 767 1514 nepos
787 1450 866 1511 erut,
884 1439 935 1496 sed
949 1439 1043 1496 fratris
1062 1440 1124 1512 ejus
1138 1442 1212 1496 Ger-

156 1531 272 1586 manici.

204 1625 276 1694 Quis
299 1626 420 1699 Superos
437 1638 563 1679 metuens
582 1623 620 1702 (v.
639 1645 676 1700 79
699 1623 762 1704 sq).
779 1624 891 1695 «Quis,
906 1626 958 1700 qui
978 1625 1033 1683 diis
1055 1625 1213 1694 ministrat,

159 1717 269 1773 dieitur
282 1715 439 1772 inserviisse
461 1727 506 1772 tot
525 1717 617 1788 heris,
637 1729 711 1794 quot
735 1730 782 1789 tu,
801 1719 934 1789 Etrusco,
959 1718 1130 1774 inseruiisti?
1146 1719 1214 1775 Non

158 1807 340 1878 Mercurius,
350 1827 410 1864 non
423 1808 492 1880 Iris,
505 1827 565 1865 non
574 1810 695 1866 Triton:
710 1810 751 1865 illi
769 1807 844 1866 enirn
859 1809 978 1885 singulis
994 1820 1107 1866 tantum
1121 1810 1214 1866 insen

158 1899 296 1970 viebuut,
310 1909 344 1956 tu
366 1912 493 1974 quatuor
514 1899 669 1958 dominis.»
690 1905 810 1959 Minu..
825 1903 859 1958 ln
881 1901 988 1977 quibus
1010 1914 1105 1958 tamen
1125 1904 1213 1960 verba

159 2003 239 2064 uerte
253 1992 376 2066 Superos
389 2005 515 2048 metuens
528 1991 632 2050 merito
646 1995 707 2069 ipse
723 1996 753 2050 in
772 1995 981 2050 dubitationem
999 1993 1119 2052 vocavit.
1137 1997 1212 2050 Pro-

159 2089 297 2142 meruisse
311 2096 353 2142 est
372 2086 427 2142 sihi
439 2087 607 2144 devinxisse.
1034 2160 1036 2166 Α

203 2179 366 2234 Dabuatico
384 2181 462 2254 quod
477 2193 572 2236 monte
592 2183 664 2236 uitet
686 2182 725 2258 (v.
746 2179 805 2258 90).
825 2181 906 2251 Sive,
928 2191 961 2236 ut
981 2181 1019 2236 ait
1043 2199 1071 2250 ι,
1086 2199 1119 2249 u,
1142 2179 1213 2252 153,

159 2271 347 2324 dalnroticum
371 2273 520 2327 metallum
540 2291 550 2324 .·
571 2290 674 2328 aurum
695 2273 754 2330 :de
776 2291 835 2347 quo
856 2273 975 2328 laudant
992 2272 1078 2342 Plin.‚
1098 2274 1134 2328 H.
1156 2275 1191 2328 lt.
1201 2313 1211 2340 ,

159 2381 280 2434 mur,
298 2382 321 2418 c.
339 2380 373 2418 ui
393 2382 400 2418 τ
417 2387 432 2415 α
447 2363 596 2420 Invenitur
613 2357 739 2442 (annun)
752 2363 915 2440 aliquando
934 2364 963 2419 in
984 2384 1093 2420 summa
1114 2367 1213 2422 tellure

160 2456 295 2530 protinus
307 2475 373 2512 rara
395 2455 542 2528 felicitate,
565 2468 598 2513 ut
611 2478 705 2532 nuper
718 2457 748 2513 in
767 2457 922 2530 Dalmatia,
939 2455 1103 2532 principatu
1116 2459 1213 2515 Nero-

160 2549 222 2620 nis,
241 2548 359 2624 singulis
380 2549 482 2606 diebus
505 2551 590 2606 etiam
609 2551 826 2627 quinquagenas
840 2551 927 2606 libras
949 2545 1079 2606 fundens.
1098 2551 1214 2608 »Adde

161 2641 465 2714 Fnounir,1v‚1u‚§
484 2663 534 2714 ru,
550 2655 578 2701 et
591 2645 682 2716 infra,
695 2664 736 2714 iv,
752 2665 779 2716 7,
798 2645 832 2704 15
848 2662 913 2720 sqq.

202 2736 366 2809 Perspr'cuoe
388 2737 463 2792 nives
483 2735 522 2815 (v.
548 2735 608 2812 94).
634 2737 802 2814 Crystallina
826 2739 939 2812 pocula.
960 2737 1055 2795 Citant
1075 2736 1214 2807 Plinium,

162 2841 322 2897 xxxv11,u.
337 2847 356 2902 9
372 2847 380 2882 a
395 2829 568 2886 «Contraria
580 2830 648 2885 huio
662 2849 747 2886 rausa
765 2831 833 2886 facit
853 2833 1030 2906 crystallum,
1045 2831 1112 2906 gelu
1124 2829 1214 2885 vehe-

162 2919 303 2978 mentiore
317 2932 469 2993 nonoret03
486 2939 540 2979 uec
560 2922 649 2978 aliubi
663 2931 741 2979 certe
753 2922 911 2996 reperitur,
927 2939 1013 2998 quum
1027 2921 1079 2980 ubi
1092 2920 1215 2977 maxiano

163 3011 292 3069 hiberum
309 3015 388 3070 nives
400 3014 508 3089 rigent3
521 3015 699 3090 glaciemque
719 3034 778 3072 esse
792 3025 902 3072 certum
916 3027 973 3085 est,
988 3017 1066 3073 unde
1083 3026 1110 3072 ut
1124 3014 1215 3070 Graeci

164 3123 272 3164 nomen
292 3107 405 3164 dedere,
415 3133 428 3160 a
442 3139 483 3151 -—
500 3109 639 3182 Massylo
655 3105 774 3176 roboro,
791 3125 894 3164 mensa
908 3109 1011 3165 citreae.

209 3199 353 3274 Vigilipse
366 3202 508 3276 animique
516 3203 630 3276 sagacis
643 3201 747 3256 Exitus
756 3202 855 3256 evolvis
866 3199 904 3277 (v.
919 3200 958 3275 98
972 3198 1034 3276 sq).
1049 3199 1146 3256 Verba
1156 3201 1216 3256 sine

164 3307 258 3347 sensu.
272 3292 377 3346 Murlul.
393 3293 469 3365 conj.
485 3313 493 3348 z
507 3294 658 3367 omittoque
670 3293 776 3367 sagaci
794 3293 917 3358 errius,
933 3293 1082 3364 praeclarel
1103 3292 1214 3364 Super-

164 3382 259 3439 sederi
273 3385 400 3456 potuisse
412 3385 579 3442 mutationis
592 3391 674 3460 purte
688 3384 858 3440 existimavit
871 3383 1030 3452 Weberus,
1045 3383 1097 3456 qui
1111 3384 1216 3459 geniti-

163 3494 217 3532 vos
231 3477 376 3550 munitque
395 3479 511 3552 sagucr'r
531 3477 648 3552 reliquit
662 3477 700 3534 ad
717 3495 846 3532 normam
865 3475 1046 3532 locutionum
1059 3492 1215 3548 suspensus

165 3568 275 3634 ourmr',
290 3571 373 3624 turus
388 3569 514 3644 incepti:
528 3581 573 3639 ut,
587 3569 697 3627 etiamsi
710 3569 768 3626 dici
781 3579 897 3644 poterat
910 3569 1020 3624 excitus
1034 3568 1140 3634 oriani,
1156 3586 1215 3624 non

163 3669 279 3731 poterat
298 3661 407 3716 excuss
422 3663 513 3718 animi
524 3664 648 3737 sagacis.
662 3663 795 3718 Ceterum
815 3662 923 3717 excitus
941 3659 1046 3736 legitur
1064 3659 1094 3715 iu
1109 3661 1154 3716 ed.
1170 3679 1214 3734 pr.

164 3759 193 3803 et
208 3749 269 3805 aliis
282 3761 350 3807 vett.

205 3843 343 3916 SCH'Jlfflm
357 3841 395 3920 (V.
416 3842 491 3923 1⁰5).
505 3845 668 3920 Signatum,
679 3844 903 3924 maxflt‘v.'vide
917 3847 1033 3900 Mum.

208 3937 296 3990 Loeso
309 3935 457 4010 profundo
473 3937 547 3994 Cura
567 3955 646 3994 tuem
662 3935 701 4014 (v.
718 3956 772 4008 107
792 3935 848 4016 sq.)
870 3937 953 3994 Fides
973 3949 1022 3993 tua
1042 3947 1215 4015 attenuetur«

164 4047 262 4084 rerum
277 4027 433 4086 Domitiani
446 4047 594 4104 nunquam
608 4031 772 4106 parvinum
784 4031 908 4102 violata,
923 4030 997 4102 sive,
1010 4042 1043 4088 ut
1056 4032 1149 4108 glossa
1162 4047 1214 4086 oo-

165 4121 238 4176 dicis
250 4121 354 4192 Paris,
368 4121 438 4180 vino
456 4117 557 4180 merua.
