3094 5140
127 424 161 485 s„
179 423 248 486 με.)
437 423 652 481 runcarnos
674 425 785 514 mnan
806 426 859 480 xr.
1122 435 1179 502 ης

128 552 279 620 Libertas
298 552 442 638 misera,
457 564 491 619 et
510 575 602 618 saevae
623 575 697 644 spes
719 551 820 620 anxia
838 553 964 619 mortis.
1050 549 1053 556 ’

4 672 32 710 ‘2‘
126 675 168 740 Et
188 695 278 739 nunc
296 693 372 740 ecce
391 685 465 740 tuas
480 672 589 739 irritat
607 668 851 759 callidusriras,

4 795 19 838 ⁸·
127 790 543 886 Suppliciumqueoupit':
561 789 620 860 sed
637 806 674 859 tu
693 793 897 884 majoribus,
917 817 999 878 oro,

125 913 265 1007 Imperii
284 914 415 1006 potiare
430 913 548 999 bonis,
568 909 886 1004 altusquejacentes
1029 909 1031 916 ’

126 1035 329 1120 Praetereas‚¹
342 1048 376 1101 et
393 1056 515 1126 magna
532 1030 658 1100 ducum
676 1054 811 1100 vereare
832 1028 989 1125 priorum

4 1147 23 1208 ²5³
127 1157 260 1220 Funera
277 1177 285 1220 :
303 1167 336 1221 et
354 1151 411 1220 bic
428 1149 599 1245 quondam
615 1148 700 1219 solio
718 1149 887 1237 sublimis,
909 1164 943 1219 et
961 1149 1061 1218 armis
1096 1203 1099 1208 a

4 1291 34 1331 12·
128 1276 267 1368 Septus,
283 1297 383 1366 opem
400 1273 551 1359 miseris,
573 1273 652 1365 jura
670 1285 705 1339 et
722 1271 938 1364 poscentibus
958 1269 1097 1364 aequus,'
1143 1271 1146 1276 ’
1198 1258 1204 1269 ’

17 1421 18 1426 ’
127 1392 409 1488 supplicibusque
431 1391 533 1462 dabat
547 1415 561 1460 ⁴:
582 1394 636 1462 cui
657 1416 747 1461 nunc
765 1415 806 1460 ea
824 1391 958 1486 agmine
978 1405 1072 1460 tanto

128 1517 208 1584 Una
226 1539 354 1603 comes,
372 1514 515 1585 necdum
531 1513 624 1583 exsul
644 1529 717 1584 erat
735 1540 743 1582 ι
765 1510 917 1582 felicibus
933 1512 1035 1581 ¹hicne

4 1663 22 1703 ..a
128 1635 275 1706 Obstat?
296 1638 331 1704 in
348 1637 441 1706 hunc
459 1635 552 1704 odiis'
564 1650 599 1704 et
616 1636 711 1730 regni
731 1635 857 1704 viribus
876 1632 984 1702 enisi·

7 1817 10 1828 .
128 1762 227 1827 Hunc
245 1759 351 1853 abigis
367 1757 484 1828 tectis?
503 1761 607 1827 an'ne
626 1781 734 1851 prope
752 1756 867 1825 limina
884 1753 1013 1825 clarum

4 1914 22 1952 a·
128 1882 301 1975 ingemat,
320 1894 354 1948 et
369 1881 456 1948 votis
478 1879 730 1972 intempestivus
749 1877 905 1945 oberret?

4 2035 22 2076 c
128 2004 222 2071 Pone
240 2014 384 2088 metum,
405 1998 522 2095 procul
544 2003 725 2096 usque'tua
744 1995 981 2068 submotus‘ab
1000 1999 1085 2070 aula

8 2156 25 2224 3²
128 2120 263 2190 Flebit:
284 2145 346 2218 ego
366 2133 514 2190 ereetum
534 2120 706 2214 subigam,
726 2135 759 2189 et
776 2117 1058 2189 servire‘docebo.

130 2245 280 2316 Coetibus
298 2244 478 2334 abducam,
498 2244 635 2339 solaque
654 2247 690 2313 in
706 2243 784 2314 sede
800 2244 999 2314 recondam:

4 2423 14 2446 „
129 2366 232 2437 Exsul
249 2370 313 2438 erit
335 2395 343 2438 ι
363 2393 442 2438 nam
461 2392 535 2461 quae
555 2369 869 2462 migranti'externa
889 2367 1051 2461 patebunt

129 2487 276 2592 Mpenia?
294 2489 350 2558 ris
364 2493 472 2584 Argos
488 2503 558 2577 eat,
577 2487 779 2582 hostilesque
797 2491 957 2582 Mycenas

11 2653 17 2663 ·
131 2607 311 2703 Squalidus
329 2610 488 2706 inreptet?
509 2611 654 2704 victique
669 2608 711 2678 ad
729 2608 831 2678 limen
852 2608 984 2678 Adrasti

4 2809 10 2821 ‚
129 2732 253 2801 Aonias
274 2745 389 2801 narret
403 2730 536 2801 clades?
556 2745 756 2827 tenuemque
778 2746 931 2826 precetur

7 2896 20 2941 5
129 2855 202 2920 Rea
219 2852 398 2922 Thebanus
414 2852 533 2947 opem?
552 2854 680 2922 nriserae
691 2853 779 2947 quid
797 2855 939 2924 crimina
956 2855 1064 2948 gentis

129 2971 301 3059 Pandere,
322 2974 404 3067 quid
423 2999 519 3055 casus
534 2975 632 3068 jurat
648 2988 816 3043 ostentare
838 2972 1032 3068 pudendos?

129 3093 263 3182 Conde,
281 3119 412 3188 precor,
427 3096 653 3190 quodcunque
666 3120 799 3164 sumus:
814 3120 875 3164 nec
885 3092 986 3190 longa
1000 3120 1177 3191 precamur

4 3269 13 3312 3
130 3218 247 3302 Dona,
266 3219 378 3285 Creon
400 3242 408 3284 :
431 3218 587 3286 miserere
606 3219 693 3285 senis
711 3217 888 3310 moestique
907 3218 1067 3311 parentis.

129 3337 192 3404 Hic
210 3361 340 3431 precor,
359 3338 413 3406 hic
433 3363 548 3406 manes
568 3335 704 3432 indulge
724 3362 874 3433 ponere:
896 3353 986 3408 certe

128 3457 310 3526 Thebanos
331 3456 469 3551 sepelire
488 3455 604 3527 licet.»
623 3459 678 3527 Sic
696 3473 789 3545 orat,
809 3459 970 3552 humique

4 3635 14 3678 3
128 3575 315 3647 Volvitur:
337 3577 474 3648 abducit
491 3581 633 3675 genitor,
653 3603 843 3678 saevumque
861 3581 1008 3649 minatur

127 3697 311 3794 Indignans
328 3701 462 3769 veniam
485 3726 492 3768 :
512 3698 620 3793 qualis
642 3698 694 3769 leo
714 3725 798 3794 rupe
818 3699 980 3789 subalta,

127 3821 238 3906 Quem
261 3820 400 3888 viridem
421 3819 591 3914 quondam
611 3819 701 3889 silvae
721 3835 917 3914 montesque
940 3823 1141 3910 tremebant,

125 3941 199 4005 lam
218 3939 325 4034 piger,
345 3953 378 4007 et
396 3939 498 4034 longo
515 3941 603 4032 jacet
619 3956 809 4010 exarmatus
830 3941 873 4009 ab
891 3965 977 4027 aev0,

125 4061 251 4154 Magna
271 4077 382 4131 tamen
405 4061 522 4150 socies,
542 4076 575 4130 et
591 4087 659 4129 non
679 4061 832 4132 adeunda
851 4079 1005 4133 senectus
1025 4091 1032 4133 :
