3192 5148
179 449 210 498 (v,
221 447 265 499 ⁵0.)
509 439 717 496 »smvsattrt
736 441 847 496 LIBER
868 441 890 496 l.
938 429 942 436 ¹
1196 443 1233 498 23

230 563 309 654 lpsa
327 560 428 628 etiam
447 575 585 630 cunctos
605 565 715 657 gravis
735 564 949 632 inclementia
967 563 1025 632 fati
1148 583 1151 590 '

179 681 331 768 Terruit,
351 693 385 749 et
404 681 505 751 subiti
525 705 669 778 praeceps
687 682 836 778 juvenile
853 683 984 778 pericli,

181 798 240 870 Nil
259 815 439 870 cunctante
458 800 558 872 malo.
576 805 654 873 Non
674 802 759 874 illud
776 803 876 899 culpa
892 818 1045 892 senecta,
1073 859 1081 874 κ

182 921 339 1016 (Quippe
359 942 400 992 aa
418 921 557 992 bissenis
577 923 633 992 vix
653 923 735 993 dum
755 949 830 994 orsa
850 924 1008 996 excedere
1027 923 1157 1018 lustris)

183 1039 248 1108 Sed
267 1038 362 1110 labor
380 1041 573 1130 intendens,
595 1044 764 1139 animique
784 1046 819 1114 in
839 1045 989 1118 membra
1008 1046 1150 1140 vigentis

184 1161 388 1254 Imperium,
408 1161 589 1258 vigilesque
609 1188 669 1232 suo
689 1190 751 1258 pro
770 1166 899 1234 Caesare
918 1189 1021 1250 curae,

183 1277 292 1348 Dulce
313 1305 407 1374 opus.
429 1283 517 1350 Hinc
537 1283 638 1352 fessos
658 1285 791 1377 penitus
809 1285 975 1378 subrepsit
993 1286 1027 1350 in
1047 1297 1138 1355 artus

182 1399 346 1469 lnsidiosa
367 1403 475 1495 quies,
497 1417 530 1472 et
550 1404 646 1499 pigra
664 1403 788 1474 oblivia
807 1406 891 1474 vitae.

231 1522 328 1590 Tunc
348 1525 456 1610 Deus,
477 1521 594 1618 Alpini
613 1526 671 1617 qui
688 1525 783 1618 juxta
803 1522 951 1594 culmina
971 1522 1059 1592 dorsi

181 1641 299 1734 Signat
319 1641 497 1736 Apollineo
517 1658 650 1713 sanctos
669 1647 869 1739 cognomine
888 1642 996 1728 lucos,

180 1760 345 1852 Respicit,
366 1760 432 1830 beu
453 1765 537 1832 tanti
557 1762 688 1856 pridem
707 1787 842 1834 securus
860 1761 989 1832 alumni

180 1880 427 1978 Perpessusqua
449 1907 560 1952 moras
581 1909 590 1951 ε
611 1888 713 1953 «Huc
733 1906 882 1970 mecum,
902 1883 1083 1976 Epidauria
1104 1879 1233 1974 proles,

180 2001 272 2087 Huc,
292 1998 367 2070 altis
386 2001 552 2097 gaudens,
572 2003 672 2072 datur
690 2003 914 2098 aggredienda
933 2000 1070 2070 facultas

180 2119 357 2212 Ingentem
378 2143 529 2190 recreare
546 2123 657 2190 virum
677 2148 684 2189 z
707 2136 878 2190 teneamus
897 2121 1005 2190 adorti

181 2238 372 2309 Tendentes
387 2242 457 2335 jam
476 2239 532 2308 fila
549 2238 640 2310 eolos
659 2267 667 2309 :
688 2267 750 2310 nec
769 2239 920 2310 fulminis
938 2241 1003 2308 atri

180 2357 232 2425 Sit
249 2372 375 2448 metum
393 2362 454 2428 has
472 2357 563 2430 ultro
583 2359 733 2429 laudabit
753 2363 907 2454 luppiter
926 2374 1013 2428 artes
1034 2384 1041 2427 ε

181 2477 270 2546 Nam
289 2503 399 2574 neque
419 2479 601 2574 plebeiam,
620 2492 679 2550 aut
699 2480 817 2550 dextro
838 2481 909 2550 sine
927 2479 1066 2554 numine
1084 2493 1207 2546 cretam

181 2599 287 2666 Servo
298 2601 461 2686 animam
474 2615 575 2695 atque
588 2600 688 2688 adeo,
700 2600 857 2685 breviter,
871 2599 951 2668 dum
968 2611 1053 2668 tecta
1066 2597 1230 2680 subimus,

180 2717 375 2811 anediam.
398 2721 516 2788 Genus
535 2721 606 2814 ipse
623 2721 707 2806 suis,
727 2719 962 2812 praemissaque
983 2731 1073 2786 retro

181 2836 367 2922 Nobilitas3
385 2863 448 2908 nec
469 2839 564 2934 origo
585 2837 681 2926 latet,
701 2837 759 2906 sed
779 2838 853 2907 luce
872 2849 1032 2929 sequente

180 2959 349 3046 Vincitur,
370 2971 403 3027 et
423 2982 546 3052 magno
566 2957 690 3052 gaudet
709 2959 841 3027 cessisse
861 2957 984 3051 nepoti.

180 3079 294 3146 Prima
312 3092 397 3173 togae
417 3078 522 3146 virtus
541 3103 550 3146 ε
570 3076 627 3146 illa
647 3101 780 3172 quoque
801 3076 925 3162 clarus,
946 3089 979 3144 et
1000 3077 1115 3169 ingens

180 3195 324 3292 Eloquia
345 3223 355 3266 ε
375 3221 455 3266 mox
472 3197 658 3265 innumeris
675 3197 820 3266 exercita
838 3198 968 3281 castris,

182 3316 363 3405 Oociduas,
377 3319 569 3411 primasque
587 3314 720 3402 domos,
741 3330 774 3384 et
794 3314 864 3385 sole
885 3315 946 3386 sub
967 3315 1060 3383 omni

180 3435 372 3507 Promeruit
388 3439 500 3530 jurata
519 3453 654 3522 manum
672 3461 734 3504 nec
754 3437 790 3505 in
809 3436 878 3506 otia
897 3439 989 3529 pacis

181 3558 384 3626 Permissum
404 3554 517 3626 laxare
536 3556 687 3642 animos,
707 3555 901 3649 ferrumque
920 3555 1047 3648 recingi
1068 3581 1075 3620 :

181 3681 282 3745 Hune
298 3673 433 3746 Galatia
450 3677 567 3770 rigens
585 3699 666 3744 ause
684 3689 734 3746 est
751 3677 915 3745 incessere
934 3672 1023 3744 bello
1044 3700 1052 3740 z

182 3799 283 3864 Hunc
302 3819 436 3889 quoque
457 3819 584 3890 perque
603 3820 724 3864 novem
745 3796 856 3865 timuit
881 3792 1077 3888 Pamphylia
1097 3815 1234 3877 messes,

181 3915 444 4010 Pannoniusque
462 3917 572 4004 seros,
591 3939 738 4010 neuque
756 3914 925 3986 horrende
947 3914 1056 4010 fugaci

183 4039 359 4126 Armenia,
379 4054 412 4108 et
431 4041 560 4132 patiens
580 4040 667 4108 Latii
683 4041 752 4133 jam
773 4041 885 4132 pontis
906 4040 1040 4107 Araxes.
