3192 5148
186 545 217 594 ιι
230 541 282 593 no
523 527 717 584 suvsnurn
737 527 846 588 nmen
867 529 889 581 1.
1203 527 1235 580 ¹3

185 654 381 746 Despexisse
398 676 527 745 procos.
549 653 593 720 At
610 652 700 720 enim
716 651 778 724 liic¹
789 651 850 718 tibi
868 651 1028 746 sanguine
1045 665 1115 719 toto

184 772 342 858 Deditus,
360 795 462 840 unam
480 795 596 840 omnes
615 772 702 870 inter
721 771 864 838 miratur
882 783 1052 864 amatque,
1112 855 1138 868 s

185 892 258 961 Nec
277 891 406 978 formae,
422 887 616 984 necstirpis
633 914 733 984 egens
752 915 760 957 :
782 888 976 966 namdocta
993 914 1052 982 per
1071 888 1187 956 urbem

185 1011 344 1078 Carmina
361 1013 418 1104 qui
435 1012 591 1104 juvenes,
604 1033 685 1102 ,quae
703 1023 772 1077 non
791 1008 945 1086 didicere¹
956 1007 1099 1102 puellae?

183 1131 284 1196 Hunc
304 1129 405 1197 ethis
424 1153 520 1198 senos
541 1129 610 1221 (sic
630 1125 839 1223 indulgentia
855 1141 976 1221 pergat

183 1247 336 1317 Praesidis
351 1247 517 1338 Ausonii)
534 1271 649 1316 cernes
666 1245 819 1315 attollere
838 1246 940 1314 fasces

185 1373 274 1437 Ante
292 1367 380 1437 diem
397 1393 406 1436 ε
424 1381 514 1437 certe
526 1369 602 1461 jam,
612 1379 706 1434 nunc
719 1364 879 1459 Cybeleia
891 1366 985 1433 novit

183 1488 334 1573 Limina,
351 1501 384 1556 et
400 1487 556 1556 Euboicae
567 1510 708 1564 ,carmen
726 1483 807 1580 legit
827 1483 884 1552 ille
899 1482 1040 1577 Sibyllae.

183 1608 324 1700 Jamque
343 1631 464 1701 parens
482 1605 724 1700 Latius,(cujus
743 1628 948 1702 praenoscere
964 1617 1111 1672 mentem

182 1728 247 1792 Fas
266 1723 386 1818 mihi),
406 1708 758 1819 purpureoshahi'tus,
775 1724 957 1817 juvenique
976 1721 1092 1790 curule

183 1842 375 1938 Indulgebit
393 1844 501 1916 ebur:
523 1847 632 1913 Dacos
648 1843 740 1940 (quae
758 1840 865 1937 gloria
885 1839 1029 1936 majorl)

182 1963 344 2048 Exuvias,
365 1961 653 2056 laurosquedabit
673 1961 841 2042 celebrare
861 1977 1020 2046 recentes.

182 2088 273 2176 Ergo
293 2105 369 2176 age,
387 2084 492 2176 jimge
512 2097 617 2169 toros,
639 2096 739 2177 atque
759 2083 827 2149 otia
849 2080 944 2148 deme
961 2063 1117 2173 juventae.

184 2206 277 2292 Quas
297 2225 359 2304 ego
379 2225 448 2270 non
467 2214 618 2288 mentes,
638 2225 802 2294 quaenon
823 2199 894 2268 face
912 2198 1015 2268 corda
1031 2201 1171 2296 jugari?

183 2318 335 2388 Alituum
354 2319 588 2415 pecudumque
607 2321 711 2407 mihi,
729 2319 873 2412 durique
894 2319 1040 2387 ferarum

88 2461 104 2474 ’
183 2441 263 2508 Non
284 2461 426 2509 renuere
446 2464 571 2535 greges.
593 2443 709 2533 Ipsum
729 2439 773 2518 in¹
786 2439 955 2507 connubia
975 2451 1071 2506 terroe

183 2558 334 2645 AEthera,
354 2583 458 2652 quum
478 2558 599 2654 pluviis
611 2573 791 2638 ¹rarescunt
809 2557 940 2647 nubila,
959 2557 1061 2628 solvo.

183 2679 237 2747 Sic
256 2703 369 2746 rerum
389 2678 714 2772 series„mundique
734 2680 913 2748 revertitur
924 2694 1017 2762 ¹aetas.

182 2796 283 2866 Unde
303 2821 429 2865 novum
447 2800 555 2891 Trojae
574 2797 674 2866 decus
695 2781 940 2891 ardentumque
960 2796 1098 2866 deorum
1184 2817 1189 2827 ’

143 2987 147 2994 ,
182 2920 381 3010 Raptorem,
401 2917 547 3010 Phrygio
567 2917 681 2984 sinon
701 2941 763 3011 ego
779 2919 897 3009 juncta
916 2915 1059 2985 marito?

182 3034 309 3128 Lydius
329 3034 419 3104 uode
436 3057 528 3128 meos
547 3035 821 3114 iterassctTibris
840 3034 954 3104 Iirlos?

182 3154 269 3243 Quis
288 3156 556 3248 septemgeminae
576 3155 738 3248 posuisset
756 3156 1014 3238 moeniaRomae

181 3275 321 3367 Imperii
338 3272 467 3344 Latiale
479 3288 607 3368 caput,
628 3275 691 3342 nisi
711 3273 869 3344 Dardana
881 3274 980 3366 ,furto
1017 3346 1021 3354 ,

182 3395 333 3487 Cepisset
350 3383 511 3479 Martem,
522 3417 666 3474 necme
685 3394 899 3487 prohibente,
918 3393 1095 3463 sacerdos?
1107 3423 1123 3457 s

231 3515 291 3581 His
310 3512 435 3582 mulcet
445 3512 566 3599 jdictis,
586 3514 790 3606 tacitumque
811 3515 951 3608 inspirat
971 3537 1118 3582 amorem

182 3633 354 3729 Connnbii
374 3658 383 3701 ε
404 3632 547 3702 redeunt
565 3634 677 3701 animo
694 3635 764 3726 jam
785 3642 863 3701 vota
882 3657 1084 3726 precesque,

74 3823 90 3838 ,
182 3757 226 3822 Et
247 3751 420 3846 lacrymoe,
435 3732 620 3849 vigilesque*
638 3753 700 3820 viri
722 3762 827 3846 'prope
847 3751 964 3820 limina
984 3765 1137 3846 questus3

181 3872 310 3942 Asteris
331 3884 365 3941 et
383 3872 583 3954 -vatitotam
596 3885 810 3965 cantataper
828 3871 967 3955 urbem;
1107 3946 1109 3955 ,

180 3994 308 4062 Asteris
328 4005 406 4058 ante
426 3989 544 4084 dapes,
564 4003 661 4061 nocte
681 3993 824 4079 Asteris,
845 3991 971 4061 Asteris
990 4005 1089 4082 ortu,¹

107 4205 111 4212 ι
181 4113 359 4198 Quantum
379 4135 448 4180 non
466 4109 627 4180 clamatus
647 4108 758 4204 Hylas.
780 4114 922 4205 Jamque
941 4133 1056 4204 aspera
1077 4109 1175 4201 coepit
