3192 5148
388 464 406 518 e
656 429 660 466 ²
711 475 715 486 ·
755 467 785 520 n.
808 463 932 522 numu
953 463 1076 522 eman
1364 477 1385 528 tv
1400 477 1442 530 st)

348 641 358 664 .
388 595 439 660 Tu
460 591 558 661 civile
579 591 687 676 nesae,
709 607 744 660 tu
764 592 897 662 tardum
918 594 953 660 in
973 592 1097 662 foedera
1116 606 1266 662 montem

389 715 509 807 Longo
526 715 637 782 Marte
653 709 770 782 domae
786 741 794 781 ε
813 713 904 808 qued
923 715 950 782 si
970 727 1004 782 te
1024 727 1138 782 nostra
1156 712 1308 786 tulissent

390 832 532 920 Saecula,
553 847 730 921 tentasses,
750 859 805 904 me
825 859 894 904 non
915 833 1076 930 audente,
1095 833 1280 929 profundos
1356 829 1374 843 “

389 956 443 1021 Ire
463 952 553 1023 lacus
573 979 580 1022 :
601 955 659 1023 sed
679 959 787 1026 Roma
806 968 879 1023 tuas
901 955 1061 1024 tenuisset
1079 954 1235 1024 habenas.
1250 983 1267 1018 n

440 1072 547 1142 Cedat
566 1099 692 1168 equus,
710 1075 815 1144 Latiae
833 1075 892 1168 qni
912 1087 1029 1144 contra
1050 1072 1175 1168 templa
1191 1074 1332 1159 Diones,

390 1193 531 1262 Caesarei
551 1207 616 1262 stat
637 1194 715 1262 sede
734 1194 798 1262 fori
818 1193 943 1290 (quem
964 1193 1096 1263 tradere
1116 1217 1150 1262 es
1168 1217 1268 1262 ausus
1298 1171 1302 1178 ⁵

307 1347 309 1352 ·
388 1311 524 1408 Pellaeo,
543 1314 710 1407 Lysippe,
731 1312 825 1401 duci,
845 1337 924 1383 mox
942 1315 1082 1383 Caesaris
1103 1337 1162 1382 om

390 1435 518 1502 Aurata
537 1434 666 1501 cervice
686 1431 804 1530 tulit);
823 1435 878 1503 vix
900 1433 1028 1503 lumine
1048 1435 1133 1505 fesso

389 1551 553 1646 Explores
573 1575 674 1646 quem
695 1552 815 1648 longus
834 1555 869 1622 in
889 1555 981 1623 hunc
998 1554 1172 1649 despectus
1193 1553 1235 1620 ab
1256 1550 1324 1620 illo.

389 1674 476 1762 Quis
496 1671 589 1741 rudis
607 1697 713 1768 usque
732 1674 837 1762 adeo,
857 1677 915 1768 qui
937 1699 1027 1763 non,
1048 1687 1086 1742 ut
1106 1673 1229 1742 viderit
1245 1673 1382 1758 ambos,

388 1795 536 1862 Tantum
555 1793 643 1862 dicat
662 1819 785 1888 equos,
803 1807 968 1889 quantum
987 1796 1110 1894 distare
1128 1793 1307 1890 regentes?

389 1915 470 1983 Non
490 1913 554 1982 hoc
573 1913 759 1984 imbriferas
779 1915 915 2010 hyemes
936 1939 1036 2010 opus,
1058 1913 1226 1984 autlovis
1247 1916 1361 2008 ignem

389 2033 643 2128 Tergeminum‚
662 2034 761 2106 AEolii
782 2051 862 2105 non·
874 2038 1008 2131 agmina
1026 2037 1167 2104 carceris
1187 2035 1319 2121 horret,

390 2156 610 2224 Annorumve
630 2178 758 2243 moras,
778 2157 879 2226 stabit
899 2155 980 2224 dum
1002 2171 1091 2225 terra
1111 2153 1296 2251 polusque,

389 2279 481 2345 Dum
500 2281 655 2346 Romana
675 2276 755 2345 dies.
775 2281 851 2347 Hu'c
871 2291 904 2346 et
923 2277 985 2346 sub
1006 2291 1104 2345 nocte
1125 2275 1256 2363 silenti,

389 2397 478 2465 Cum
497 2397 626 2490 superis
647 2409 779 2466 terrena
801 2395 950 2490 placent,
967 2411 1025 2466 tua
1044 2397 1144 2467 turba
1163 2379 1290 2468 relicte

391 2517 541 2585 Labetur
557 2514 656 2602 coelo,
676 2515 895 2610 miscebitque
914 2515 1027 2586 oscula
1043 2503 1139 2612 juxta
1161 2546 1169 2587 ε

389 2636 455 2706 Ibit
475 2638 510 2704 in
531 2633 704 2729 amplexus
722 2650 834 2724 natus,
855 2636 1045 2731 fraterque,
1068 2651 1244 2732 paterque,

389 2761 434 2828 Et
454 2781 577 2825 soror:
599 2779 668 2824 una
686 2752 799 2824 locum
819 2759 933 2826 cervix
951 2756 1045 2827 dabit
1065 2760 1223 2828 omnibus
1242 2763 1350 2830 astris.

390 2880 496 2948 Utere
509 2890 710 2972 perpetuum
732 2876 849 2970 populi
868 2880 1049 2972 magnique
1069 2894 1202 2948 senatus

391 3000 535 3066 Munere
555 3024 563 3066 τ
586 2995 733 3091 Apelleae
753 3009 915 3092 cuperent
936 3013 967 3067 te
987 3001 1132 3068 scribere
1151 3025 1254 3089 cene,

393 3121 616 3214 Optassetque
637 3143 726 3187 novo
746 3117 888 3190 similem
911 3134 943 3188 te
965 3145 1091 3215 ponere
1111 3121 1238 3217 templo

394 3240 527 3308 Atticus
544 3237 624 3308 Elaei
644 3239 758 3308 senior
775 3241 887 3327 Jovis3
908 3253 941 3309 et
964 3255 1020 3309 tua
1041 3242 1131 3310 mitis

394 3364 465 3431 Ora
484 3363 605 3448 Taras,
625 3377 682 3431 tua
703 3359 848 3430 sidereas
866 3363 1033 3430 imitantia
1053 3361 1204 3431 flammas

394 3482 560 3568 Lumina,
579 3493 773 3575 contempto
794 3479 909 3551 mallet
925 3483 1064 3552 Rhodos
1083 3509 1199 3579 aspera
1218 3485 1355 3554 Phoebo.

395 3605 515 3671 Certus
532 3627 623 3671 ames
641 3615 764 3689 temes,
784 3615 818 3670 et
838 3625 910 3695 quae
931 3603 991 3671 tibi
1013 3604 1138 3699 templa
1156 3605 1305 3675 dicamus

395 3725 471 3817 Ipse
489 3717 578 3792 colas
599 3749 607 3791 :
629 3746 690 3792 nec
709 3736 742 3791 te
759 3720 832 3791 eoeli
848 3724 944 3816 juvet
962 3721 1056 3811 aula3
1073 3739 1213 3820 tuosque

397 3845 508 3913 Laetus
525 3844 605 3913 huic
625 3842 714 3912 dono
734 3842 846 3912 videas
866 3841 1206 3940 daretlmranepotes.
