3156 5138
411 491 468 529 aaa
772 471 803 528 Ρ.
825 469 951 526 PUBLII
970 469 1096 526 stam
1365 471 1396 534 (r.
1410 475 1471 537 δα)

410 595 557 683 Oderat,
578 609 612 664 et
632 585 737 688 qaum
759 591 891 690 epulas,
909 610 943 664 et
961 617 1064 685 quum
1085 595 1205 662 Ienaea
1224 591 1360 663 dicaret·

410 719 528 801 Dona,
547 718 639 784 Deus
660 715 777 784 castris
795 739 937 785 moemns
959 737 1070 784 comes
1090 713 1155 782 isse
1175 711 1346 800 nefandis3
1576 685 1577 764 l

408 836 578 930 Praecipue
592 859 698 929 quum
719 831 878 930 sacrilega
894 833 967 903 face
985 832 1120 902 miscuit
1139 857 1231 902 arces
1575 793 1577 864 l

407 957 534 1050 Ipsius,
551 956 790 1050 immeritaeque
808 953 925 1024 domos
946 979 985 1024 ac
1005 951 1131 1048 templa
1146 943 1286 1049 Sagunti

406 1075 548 1165 Polluit,
569 1090 603 1146 et
622 1073 756 1172 populis
776 1075 880 1144 litrias
899 1076 1037 1145 immisit
1056 1073 1222 1144 honestas.

452 1198 525 1268 Nec
541 1211 616 1291 post
635 1195 763 1266 Sidonii
784 1195 912 1266 lethum
929 1195 1026 1266 ducis
1045 1216 1109 1265 aere
1128 1196 1234 1290 potita

406 1318 550 1414 Egregia
570 1315 699 1412 plebeia
719 1293 868 1387 domus:
891 1317 1044 1386 convivia
1064 1315 1162 1410 Syllae
1225 1402 1235 1418 ἱ
1575 1365 1577 1406 4

406 1437 584 1526 Comebat,
607 1462 737 1532 semper
755 1437 862 1506 claros
880 1438 1007 1506 intrare
1024 1453 1160 1532 penates
1405 1435 1417 1449 “
1576 1423 1577 1430 ¹

405 1562 603 1642 Assuetum,
623 1573 659 1626 et
676 1556 756 1626 felix
774 1557 989 1628 dominorum
1010 1572 1185 1627 stemmate
1205 1557 1349 1648 signum.

451 1681 551 1752 Nunc
571 1703 727 1772 quoque,
745 1681 772 1747 si
793 1703 902 1748 mores
922 1679 1135 1772 humanaque
1156 1691 1292 1772 pectora
1311 1701 1398 1747 curae

404 1803 509 1872 Nosse
527 1801 627 1885 Deis,
648 1798 811 1868 nonnula
832 1797 988 1893 quidem,
1009 1799 1201 1892 Tirynthie‚
1219 1822 1281 1866 nec
1298 1811 1332 1866 ta
1453 1794 1457 1808 '

404 1921 527 2015 Regius
548 1921 654 1990 ambit
669 1920 795 2002 honos;
815 1918 871 1988 sed
892 1933 1001 2006 casta,
1025 1921 1207 2013 ignaraque
1228 1915 1334 2010 culpae

403 2043 501 2110 Mens
522 2040 666 2128 domini,
687 2041 742 2108 cui
760 2040 871 2133 prisca
887 2036 989 2126 fides,
1007 2053 1188 2132 coeptaque
1205 2059 1351 2132 perenne

403 2158 523 2229 Foedus
542 2159 695 2229 amicitia
713 2160 806 2260 :scit
827 2156 937 2226 adhuc
956 2156 1096 2227 florente
1115 2159 1177 2228 sub
1197 2182 1268 2228 aevo

401 2285 467 2351 Par
483 2281 612 2374 magnis
629 2279 787 2350 Vestinus
805 2279 896 2363 avis,
917 2301 1017 2371 quem
1036 2293 1135 2346 nocte
1155 2276 1274 2370 dieque

403 2402 534 2494 Spirat,
556 2412 590 2468 et
609 2399 644 2470 in
664 2423 749 2468 carae
768 2398 852 2465 vivit
871 2395 1100 2491 complexibus
1115 2397 1251 2468 umbrae.

449 2521 513 2588 Hic
534 2520 638 2614 igitur
656 2517 718 2588 tibi
737 2516 811 2587 laeta
829 2517 942 2610 quies,
961 2515 1142 2586 fortissime
1163 2517 1307 2603 Divum,

401 2637 539 2728 Alcide3
559 2663 621 2708 nec
641 2635 729 2707 bella
748 2638 841 2707 vides
862 2661 1059 2731 pugnasque
1079 2635 1227 2724 seroces,

402 2758 470 2829 Sed
488 2757 626 2854 chelyn,
645 2773 679 2828 et
700 2759 819 2847 vittas,
840 2770 874 2826 et
893 2771 1043 2853 amantes
1057 2757 1207 2827 carmina
1227 2754 1349 2826 laurus.

401 2880 464 2948 Hic
482 2879 542 2948 tibi
558 2875 700 2948 solemni
719 2877 919 2946 memorabit
938 2878 1105 2966 carmine,
1121 2891 1266 2970 quantus

399 2996 516 3067 Iliacas
533 2999 734 3092 Geticasque
751 2998 884 3086 domos,
906 3013 1117 3091 quantusque
1135 2994 1279 3066 nivalem

403 3114 643 3213 Stymphalon,
664 3132 875 3210 quantusque
892 3119 982 3212 jugis
998 3117 1221 3188 Erimanthon
1239 3116 1369 3209 aquosis

399 3239 590 3325 Terrueris3
611 3262 712 3330 quem
729 3252 762 3308 te
780 3237 910 3332 pecoris
930 3259 1099 3330 possessor
1116 3237 1225 3324 Iberi,

397 3356 508 3445 Quem
529 3337 643 3426 tulerit
662 3358 977 3450 saevaeMarcoticus
996 3357 1121 3426 arbiter
1141 3381 1215 3425 araa

398 3477 461 3545 Hic
481 3491 655 3570 penetrata
675 3476 736 3545 tibi
756 3475 964 3570 spoliataque
984 3475 1101 3549 limina
1119 3477 1240 3546 Mortis

396 3597 580 3684 Concinet‚
599 3611 633 3664 et
649 3594 767 3664 flentes
782 3595 915 3689 Libye,
937 3597 1146 3690 Scythiaeque
1162 3594 1300 3692 puellas.

396 3715 516 3784 Necte
534 3729 691 3810 regnator
706 3715 896 3804 Macetum,
917 3741 980 3785 nec
1001 3715 1163 3786 barbarus
1177 3741 1333 3811 ¹unquam

395 3831 558 3921 Annibal,
575 3848 635 3902 aut
648 3835 727 3903 saevi
743 3849 856 3928 posset
872 3860 938 3904 vox
952 3834 1090 3906 horrida
1105 3834 1202 3930 Syllae

395 3955 455 4022 His
475 3949 644 4021 celebrare
662 3953 782 4023 modis.
805 3949 914 4024 Certc'
927 3970 965 4025 tu
985 3957 1134 4026 muneris
1154 3973 1271 4027 auctor

394 4074 473 4144 Non
494 4069 566 4143 aliis
585 4071 700 4162 malles
721 4073 845 4163 oculis,
867 4079 1031 4170 Lysippe,
1054 4077 1199 4172 probari.
