3094 5140
72 463 109 526 (v.
123 465 204 527 4¹5.)
401 461 617 520 THEBAIDOS
639 465 750 521 LIBER
770 465 834 519 Xll.
1087 464 1143 531 ²45

71 589 273 678 Conditus,
290 601 324 658 et
343 587 462 658 flentes
474 589 571 658 stant
588 591 715 658 circum
734 589 873 658 llumiua
892 588 991 658 silvae.

130 711 187 779 Ut
206 710 319 796 sanies¹
331 725 476 805 purgata
493 710 601 797 vado,
620 710 850 803 membrisque
868 734 1021 778 reversus

73 831 210 898 Mortis
230 828 357 918 honos,
379 831 491 924 ignem
511 831 638 899 miseroe
656 845 733 924 post
752 829 872 899 ultima
890 845 1063 924 quaeruut·

76 949 243 1020 Oscula:
262 949 321 1020 sed
340 949 457 1046 gelidae
478 952 603 1021 circum
623 951 857 1044 exanimesque
875 949 995 1020 savillm

76 1071 251 1141 Putribus
266 1073 302 1140 in
319 1071 443 1155 foveis,
458 1086 560 1165 atque
580 1072 695 1140 omnia
716 1071 813 1140 busta
830 1073 1017 1165 quiescunt.

79 1193 208 1262 Stabat
228 1191 347 1262 adhuc
360 1218 420 1263 seu
438 1193 525 1262 forte
546 1219 673 1288 rogus,
685 1217 746 1262 seu
768 1193 906 1262 numine
926 1193 1072 1280 Divum,

80 1313 152 1382 Cui
171 1328 300 1382 torrere
316 1312 433 1382 datum
452 1339 556 1384 saevos
573 1311 747 1384 Eteocleos
766 1328 876 1399 artus,

83 1435 170 1504 Sive
186 1432 296 1504 locum
315 1435 475 1504 monstris
493 1437 616 1505 iterum
628 1437 777 1504 Fortuna
788 1434 950 1530 parabat,

84 1559 156 1625 Seu
178 1556 382 1626 discessuros
402 1571 593 1626 servaverat
610 1557 770 1626 Eumenis
790 1557 895 1650 ignes.

84 1679 152 1746 Hic
171 1692 308 1747 tenuem
328 1679 434 1773 nigris
452 1678 637 1746 etiamnum
655 1675 813 1746 advivere
832 1675 940 1746 lucem

86 1797 286 1867 Roboribus
306 1799 432 1892 pariter
449 1796 579 1891 cupidae
596 1796 736 1880 videre,¹
747 1795 914 1890 simulque
975 1793 977 1796 ’

87 1917 220 1988 Flebile
237 1920 358 2014 gavisae
376 1945 384 1988 :
404 1943 467 1988 nec
486 1917 614 2004 adhuc,
634 1943 708 2012 quae
726 1917 842 2001 busta,
862 1933 1048 2012 repertum,

89 2038 160 2109 Sed
178 2039 332 2136 placidus
352 2040 568 2134 quicunque,
590 2055 733 2134 rogant,
750 2041 908 2132 mitisque
926 2043 1073 2135 supremi

90 2161 259 2231 Admittat
279 2163 401 2230 cineris
419 2175 627 2247 consortem,
646 2175 680 2229 et
697 2163 833 2230 misceat
854 2161 1000 2228 umbras.

141 2288 228 2352 Ecce
243 2284 365 2352 iterum
379 2283 498 2366 fratres
516 2309 523 2351 :
543 2284 670 2377 primos
688 2295 735 2356 ut,
745 2283 887 2375 contigit
904 2296 996 2350 artus

92 2405 186 2498 Ignis
204 2401 313 2490 edax,
327 2417 496 2472 tremuere
516 2404 610 2497 rogi,
630 2417 665 2471 et
683 2427 791 2471 novus
811 2401 940 2470 advena
960 2403 1067 2471 bustis
1144 2477 1147 2484 ,

92 2522 260 2595 Pellitur:
278 2523 451 2594 exundant
471 2523 579 2592 diviso
598 2526 725 2593 vertice
745 2523 907 2612 llammae,

95 2644 317 2740 alternosque
331 2646 444 2740 apices
460 2643 704 2740 abruptatuce-
713 2659 902 2714 coruscant.

96 2765 244 2837 Pallidus
263 2767 488 2837 Eumenidum
510 2765 615 2835 veluti
633 2769 839 2836 commiserit
860 2770 954 2862 ignes

96 2891 223 2975 Orcus,
240 2888 516 2983 uterqueminax
536 2885 675 2984 globus,
695 2903 729 2957 et
745 2899 889 2957 conatur
905 2905 1047 2982 uterque

97 3010 272 3104 Longius:
291 3011 371 3103 ipsae
390 3009 497 3078 etiam
512 3023 681 3078 commoto
700 3007 850 3103 pondere
871 3008 1020 3104 paullum

98 3132 267 3201 Secessere
285 3131 397 3200 trabes
414 3128 629 3200 :conclamat
646 3132 763 3199 territa
784 3131 879 3224 virgo
896 3157 903 3198 :

99 3249 339 3340 «occidimus,
359 3251 559 3345 functasque
576 3275 679 3320 manu
699 3249 945 3320 stimulavimus
963 3253 1040 3320 iras.

99 3376 211 3442 Frater
226 3387 320 3443 erat:
338 3373 413 3467 quis
430 3373 520 3441 enim
539 3395 690 3441 accessus
707 3370 797 3439 serus
812 3371 956 3464 hospitis
971 3371 1099 3439 umbrae

98 3492 261 3564 Pelleret?
280 3518 323 3563 en
344 3492 453 3590 clypei
473 3493 872 3590 fragmen,·semustaque
894 3517 996 3560 nosco

100 3613 258 3709 Cingula3
277 3613 381 3683 frater
402 3629 475 3684 erat
491 3640 499 3682 :
517 3615 685 3701 cernisne,
706 3628 745 3682 ut
760 3613 894 3682 llamma
913 3613 1065 3699 recedat,

102 3738 349 3831 Concurratque
367 3735 505 3804 tamen?
523 3737 644 3806 vivunt
659 3732 737 3804 odia
757 3734 927 3828 improba,
944 3735 1074 3804 vivunt.

102 3854 154 3926 Nil
170 3870 283 3926 actum
302 3855 572 3944 bello·:·miseri,
592 3857 640 3925 sic
659 3854 853 3925 dum‘arma
873 3858 1034 3942 movetis,

102 3978 186 4046 Vicit
202 4003 324 4072 nempe
339 3981 451 4048 Creon
468 4003 476 4045 :
496 4001 662 4070 nusquam
678 3977 747 4070 jam
767 4001 872 4070 regna
889 4003 896 4042 :
913 3979 988 4070 quis
1004 3977 1126 4044 ardor‘.l

102 4101 159 4166 Cui
180 4098 313 4168 furitis?
334 4099 446 4168 sedate
464 4099 596 4168 minas:
617 4113 720 4192 tuque
738 4097 831 4167 exsul
843 4098 997 4190 ubique,
