3080 5136
319 470 360 526 IN
382 472 412 527 P.
433 473 464 527 P.
486 471 609 528 STATII
632 473 740 530 ΤΗΒΒ.
764 474 835 529 LlB.
858 477 908 531 Xl.
1088 481 1145 550 337

78 606 99 642 e
120 588 224 664 glossa.
250 585 324 642 lude
350 595 446 644 tamen
472 588 669 664 Lindenhrog.
694 600 722 644 et
740 590 836 645 Barth.
859 592 1017 648 ellecerunt
1032 613 1041 648 ι
1056 619 1071 646 α
1087 598 1146 652 Nec

77 689 190 748 turmae
209 677 344 748 hostiles,
363 679 472 736 terrum
486 691 540 736 aut
555 683 676 736 mortale
699 680 824 751 timetur,
839 705 855 732 n
873 682 916 738 uti
930 685 1015 757 plane
1035 688 1105 762 Reg.
1127 704 1143 743 a

78 789 150 828 sac.
164 791 221 828 ιιι.

133 865 208 919 armo
221 865 301 920 evm
317 861 357 942 (v.
379 861 438 942 30).
454 863 622 922 Recensum
634 864 746 938 juncto
762 868 915 925 narum:
932 870 1066 944 mpumi
1083 871 1145 928 uuo

79 955 156 1012 libri
177 975 231 1012 nec
258 957 354 1013 volam
374 975 429 1012 nec
445 956 598 1034 vestigium
616 957 703 1030 hujus
722 977 820 1016 versus
840 973 1009 1036 agnoscunt.
1021 964 1145 1036 Optime

82 1066 244 1104 omniumr

133 1141 292 1197 Tumultum
322 1137 371 1218 (v..
395 1137 454 1219 33).
478 1143 550 1211 ΜΒ,
580 1144 628 1199 PR
658 1144 842 1211 temnitur,
863 1145 947 1219 quod
969 1165 1069 1204 verum
1097 1147 1143 1202 vi-

84 1232 184 1289 detur.

132 1327 237 1382 Moeret
255 1327 294 1381 ab
316 1330 378 1384 alto
402 1326 440 1404 (r.
463 1325 523 1404 46).
546 1329 729 1385 «Melioresn
750 1330 860 1401 Barth,
878 1332 965 1402 Dan,
983 1334 1031 1387 ΡΒ
1049 1353 1056 1386 :
1073 1356 1088 1384 α
1108 1334 1145 1389 ab

84 1420 183 1474 astrei.
194 1442 210 1470 s
222 1451 264 1461 -
277 1419 344 1493 Seq.
354 1439 440 1476 versu
457 1422 529 1490 ΜΒ,
548 1421 650 1478 Behot.
672 1441 683 1476 r
706 1441 713 1476 ε
729 1424 851 1478 Nemees
865 1425 895 1478 in
911 1443 934 1478 s.
943 1464 952 1492 ,
967 1423 1062 1480 minue
1075 1426 1146 1483 boni

85 1510 219 1566 Nemeae.
234 1510 293 1567 Sed
307 1521 384 1567 recte
401 1514 532 1568 Gronov.
550 1513 713 1569 emendavit
728 1515 874 1570 Nemecea.

132 1619 168 1672 ln
181 1617 310 1691 margine
330 1620 416 1672 turris
429 1614 469 1694 (v.
487 1615 546 1694 49).
569 1618 728 1675 αΜοΙίοτεε
750 1618 817 1675 libri
832 1618 870 1697 [et
883 1621 954 1696 Reg.
973 1619 1013 1697 1],
1031 1622 1144 1687 Iuniae,

85 1709 210 1766 omnino
225 1709 360 1765 melius.»
374 1710 486 1766 Baara.
501 1712 564 1765 Put.
579 1729 587 1765 ε
601 1711 733 1766 culmine.

133 1804 217 1858 Tritos
239 1802 277 1877 (r.
297 1797 357 1878 52).
379 1819 396 1856 a
420 1802 540 1858 Barth:
560 1805 675 1858 celeres.
697 1803 732 1857 lu
751 1821 816 1877 sqq.
841 1803 964 1858 Ennium
981 1805 1144 1877 expressit:

87 1895 176 1966 orius
188 1894 219 1950 hi
239 1911 340 1950 versus
353 1893 460 1950 servati
478 1905 545 1950 sunt
563 1912 580 1950 a
597 1893 768 1950 Lactantio:
880 1959 882 1964 Ι

199 2069 330 2132 Quomque
344 2074 421 2136 caput
433 2065 544 2126 caderet,
560 2081 657 2116 carmen
672 2065 732 2117 tuba
745 2067 795 2116 sola
810 2067 913 2133 peregit,

198 2151 230 2196 Et
245 2157 362 2214 pereunte
378 2149 431 2198 viro
445 2164 543 2200 raucum
557 2164 629 2198 sonus
644 2164 691 2199 tere
705 2148 818 2198 cucurrit.

88 2312 214 2364 Versum
231 2307 360 2375 streete
379 2311 517 2385 explicuit
537 2311 628 2367 Gloss.
645 2331 652 2364 :
668 2313 818 2368 «Persona
830 2311 955 2366 hominis
976 2311 1016 2366 ita
1035 2315 1145 2368 consti-

88 2402 202 2458 tuenda
216 2413 274 2474 est,
293 2403 418 2459 ut‘totis
437 2403 547 2459 viribus
567 2401 671 2460 inflans
694 2405 809 2473 tubam,
827 2404 926 2459 laevam
949 2421 1064 2459 manum
1084 2405 1147 2460 auri

89 2493 212 2550 sinistrae
226 2494 426 2568 applicaverit,
441 2505 529 2570 caput
542 2506 703 2552 sustentans
718 2495 772 2566 sic,
785 2507 819 2551 ut
832 2495 1077 2552 vehementiorem
1092 2493 1141 2550 lla·

90 2597 153 2640 tum
167 2587 294 2643 haberet.
306 2611 321 2638 s

132 2681 220 2734 lictur
234 2677 272 2755 (v.
289 2677 347 2754 59).
368 2680 429 2734 Soli
445 2696 461 2732 2
477 2681 566 2756 Regg.
583 2693 611 2736 et
630 2692 698 2736 vett.
714 2682 826 2755 aliquot
842 2680 908 2736 edd.
925 2678 1026 2750 «fidit,
1041 2705 1052 2731 υ
1068 2699 1083 2736 e
1098 2683 1146 2756 gl,

91 2783 126 2826 ut
140 2770 263 2828 videtur.
279 2774 348 2827 Post
361 2790 388 2827 v.
407 2770 444 2838 64
471 2791 525 2845 pro
552 2793 654 2829 nomeu
677 2775 732 2828 ΜΒ
750 2793 757 2828 :
777 2793 922 2840 numam
945 2773 1030 2848 prob.
1050 2775 1146 2828 Barth.

133 2865 267 2939 Abrupta
281 2874 422 2918 terrarum
436 2866 512 2918 mole
520 2863 558 2937 (v.
574 2862 634 2940 72).
649 2887 665 2914 a
675 2864 802 2921 Omnino
817 2865 1000 2921 scribendum
1016 2883 1051 2919 ex
1067 2876 1146 2938 opt:

18 2978 22 2988 ·
89 2967 196 3029 erupta
218 2977 228 3009 .·
248 2973 369 3028 prorsus
386 2954 475 3032 digna
495 2954 616 3029 Papinio
630 2955 788 3029 scriptura,
804 2975 857 3012 nec
878 2956 961 3011 aliam
981 2956 1075 3028 poscit
1098 2967 1148 3011 aut

92 3049 218 3104 admittit
234 3048 383 3104 sententia.
399 3071 414 3098 s
433 3049 542 3102 Benrn.

7 3217 14 3229 ι
132 3155 276 3229 Sanguine
281 3153 432 3227 soedatum
448 3152 486 3230 (v.
502 3149 562 3230 86).
582 3153 668 3208 lllulti
686 3153 771 3210 codd.
784 3173 791 3208 ι
803 3153 986 3227 foedantem,
1003 3171 1063 3208 non
1077 3152 1147 3208 ulie-

89 3265 160 3301 num
180 3246 286 3302 abusu
302 3247 407 3301 horum
421 3256 581 3320 poetarum.
621 3315 623 3320 Ι

135 3339 350 3412 Argolicumque
369 3338 484 3414 impelle
498 3336 537 3414 (v.
563 3335 638 3413 110).
654 3339 762 3392 Verum
780 3337 900 3393 fortasse
915 3337 998 3410 quod
1014 3327 1147 3411 praebent

91 3432 146 3486 ΜΒ
164 3441 194 3486 et
208 3448 225 3484 a
240 3432 276 3485 al.
294 3431 391 3486 Barth.
407 3451 438 3485 ιιι
449 3429 617 3505 Argolicum
631 3442 661 3483 tu
673 3429 741 3502 imp.
752 3451 768 3479 s

133 3526 281 3596 Aususque
299 3541 366 3578 mea
375 3523 561 3598 procumbere
574 3524 679 3576 electra
694 3519 732 3596 (v.
752 3518 827 3598 tal).
843 3543 856 3570 a
867 3521 902 3576 ld
917 3531 971 3592 est,
986 3539 1070 3577 ausus
1083 3541 1147 3576 me-

92 3615 166 3686 reri,
180 3626 214 3670 ut
227 3635 290 3672 mea
309 3616 515 3690 procumberet
529 3615 638 3671 denua.
652 3641 664 3665 υ
678 3616 776 3669 Grion.
788 3617 895 3670 Ceterae
911 3614 1048 3670 lectiones
1062 3615 1099 3669 ab
1114 3615 1148 3671 iis

95 3709 249 3786 prolecta,
264 3708 316 3783 qui
329 3710 386 3764 hoc
401 3727 461 3764 non
476 3708 675 3783 intelligerent.

134 3815 258 3868 Parcere
271 3815 377 3870 mamdo
391 3811 429 3890 (v.
450 3811 527 3890 131).
544 3813 579 3868 ld
596 3814 728 3868 estcoelo.
739 3813 836 3882 Quare
853 3814 927 3868 male
940 3811 1051 3885 aliquot
1060 3809 1145 3866 codd.

93 3907 175 3960 coelo.
199 3903 272 3961 lude
295 3908 379 3980 uirgo
400 3908 482 3960 clena
509 3916 551 3960 est
576 3907 698 3974 Astraea,
721 3903 757 3960 de
781 3923 838 3977 qua
863 3923 887 3959 v.
909 3902 1016 3959 Barthii
1039 3913 1145 3957 notam.

137 3998 184 4052 Sic
202 3998 241 4052 ire
249 3999 383 4074 parabat
394 3995 431 4075 (v.
453 3999 508 4064 143
527 3997 592 4073 sq).
603 3998 691 4052 Recte
706 3995 886 4070 explicantur
900 3997 957 4050 ltaeo
973 3997 1009 4050 ab
1024 3998 1147 4050 Lactan-

93 4089 135 4144 tio
151 4109 158 4143 :
173 4091 261 4146 «Non
281 4091 321 4146 sic
340 4091 460 4165 parabat
479 4092 543 4146 viro
565 4109 617 4146 suo
631 4107 807 4146 occurrere:
827 4107 886 4164 quo
905 4106 983 4142 nrrnc
1004 4087 1102 4142 laabim
1116 4085 1147 4163 [e

172 4217 207 4260 ll.
978 4215 1020 4257 22
