3094 5140
268 567 271 583 .
365 495 418 558 ¹74
694 487 909 546 Tuaaunos
932 485 1044 544 LIBER
1066 487 1104 542 X.
1313 491 1345 551 (t.
1363 491 1417 554 25.)

361 615 610 707 Praecipuaeque
628 620 775 683 manus:
793 613 895 683 subiit
917 611 1050 682 ultricia
1069 613 1202 706 Tydeus

358 736 499 802 Tartara
522 759 530 800 ε
552 757 643 802 mors
665 733 809 802 subitam
835 734 921 829 nigri
943 735 1212 828 stupetauguris
1230 735 1417 804 umbram:

358 861 509 926 Ismenos
526 857 632 950 raptis
651 869 759 923 tumet
777 854 1060 951 Hippomedontis
1079 856 1225 949 opimis:

360 976 488 1046 Arcada
505 973 677 1071 belligeris
694 974 799 1069 pudet
815 999 1040 1044 annumerare
1055 978 1201 1070 tropaeis.

359 1103 397 1168 ln
419 1098 573 1167 manibus
591 1121 719 1165 merces
738 1120 926 1190 :nusquam
943 1097 1054 1189 capita
1067 1095 1172 1165 ardua
1187 1095 1267 1165 belli

358 1223 622 1312 Monstrataeque
638 1217 762 1286 ducum
782 1230 920 1309 septena
940 1240 1001 1310 per
1017 1219 1154 1312 agmina
1171 1219 1287 1287 cristae.

358 1338 493 1409 Scilicet
509 1337 643 1410 Adrasti
659 1338 808 1425 senium,
826 1336 996 1432 fraterque
1008 1337 1151 1430 juventa

356 1460 473 1554 Pejor,
490 1475 525 1529 et
541 1461 667 1532 insanis
685 1462 864 1554 Capaneus
881 1459 1082 1528 metuendus
1099 1461 1135 1527 in
1152 1459 1275 1528 armis?

355 1587 408 1653 Ito
424 1607 501 1677 age,
517 1597 550 1650 et
568 1581 712 1650 obsessis
729 1581 847 1676 vigiles
866 1581 1074 1650 circumdate
1093 1581 1253 1650 flammas.

355 1703 449 1774 Nulli
471 1728 512 1772 ex
530 1705 627 1774 hoste
647 1718 777 1772 metus:
799 1701 945 1796 predam
967 1705 1144 1772 asservatis
1165 1728 1313 1798 opesque

355 1829 430 1894 lam
448 1841 584 1895 vestras.
603 1855 620 1888 a
639 1826 695 1894 Sic
713 1821 770 1893 ille
788 1839 900 1892 truces
919 1825 1111 1893 hortatibus
1130 1824 1244 1918 implet

355 1945 589 2021 Labdacidas:
605 1948 701 2040 juvat
719 1947 900 2016 exhaustos
918 1949 1041 2016 iterare
1060 1946 1201 2017 labores.

355 2072 449 2142 Sicut
463 2084 535 2138 erat
552 2067 681 2162 pulvis,
699 2067 886 2162 sudorque,
907 2093 1076 2162 cruorque
1096 2095 1157 2163 per
1172 2085 1264 2138 artus

355 2191 482 2260 Mixtus
498 2189 631 2276 adhud,
650 2203 782 2259 vertere
803 2188 946 2283 gradum
967 2215 975 2256 ε
997 2191 1050 2257 vix
1071 2190 1170 2259 obvia
1190 2192 1278 2284 passi

355 2308 553 2404 Colloquia‚
576 2309 750 2405 amplexus
772 2310 898 2414 etiamq
915 2308 1117 2403 dextrasque
1136 2305 1274 2380 suorum

353 2435 539 2502 Excussere
560 2432 708 2502 humeris
730 2456 738 2500 :
762 2445 843 2501 tunc
863 2431 1028 2518 frontem,
1045 2455 1229 2525 aversaque
1246 2447 1344 2528 terga

353 2553 490 2638 Partiti,
511 2550 721 2646 laterumque
738 2555 845 2638 sinus,
866 2551 992 2621 vallum
1009 2552 1159 2646 undique
1172 2554 1314 2648 cingunt

353 2674 494 2768 Ignibus
512 2673 664 2742 infestis:
684 2674 792 2744 rabidi
809 2677 857 2742 sic
873 2675 1009 2768 agmine
1028 2671 1136 2742 multo

230 2801 232 2806 “
354 2795 422 2863 Sub
447 2787 579 2864 noctem
606 2796 717 2864 coiere
737 2793 827 2888 lupi,
847 2819 932 2887 quos
952 2797 1111 2864 omnibus
1128 2797 1215 2890 agris

354 2913 410 2984 Nil
428 2941 496 2983 non
513 2940 593 2986 ausa
608 2915 711 2984 fames
726 2913 830 3010 longb
848 2917 1001 2985 tenuavit
1019 2916 1123 2985 hiatu.
1206 2987 1210 2996 q

354 3039 425 3104 Jam
446 3034 578 3104 stabula
598 3037 669 3130 ipsa
690 3049 852 3128 premunt
878 3061 885 3102 :
910 3049 1046 3129 torquet
1066 3061 1141 3130 spes
1161 3039 1256 3106 irrita
1276 3038 1400 3124 fauces,

354 3153 556 3250 Balatusque
573 3172 739 3244 tremens,
761 3158 971 3251 pinguesque
990 3157 1032 3226 ab
1052 3156 1196 3227 ovilibus
1214 3183 1316 3227 aurae.

352 3277 457 3366 Quod
475 3294 646 3372 superest,
668 3278 761 3348 duris
782 3279 976 3373 allrnngunt
995 3279 1153 3372 postibus
1166 3305 1315 3374 ungues,

135 3417 139 3428 ·
232 3463 233 3466 ,
353 3401 578 3493 Pectoraque,
598 3413 631 3467 et
650 3401 755 3468 siccos
773 3401 930 3468 minuunt
952 3403 985 3468 in
1005 3390 1121 3468 limine
1137 3399 1265 3469 dentes.

402 3524 447 3590 At
466 3519 585 3615 procul
605 3519 752 3614 Argolici
772 3519 913 3616 supplex
935 3524 970 3590 iu
993 3523 1145 3616 margine
1166 3522 1281 3615 templi

353 3637 487 3728 Coetus,
504 3657 538 3711 et
556 3642 598 3712 ad
609 3643 740 3736 ,patrias
755 3643 838 3719 fusae
859 3641 1054 3737 Pelopeides
1076 3669 1149 3712 aras

353 3762 564 3858 Sceptriferae
578 3767 597 3832 J
599 3765 720 3836 unonis
737 3789 859 3859 opem,
874 3763 1089 3857 reditumque
1102 3790 1240 3834 suorum

352 3887 563 3978 Exposcunt,
581 3879 755 3981 pictasque
772 3886 876 3975 fores,
891 3900 924 3956 et
941 3886 1062 3980 frigida
1082 3885 1179 3957 vultu

352 4007 438 4074 Saxa
462 4020 591 4094 terunt,
612 4017 800 4102 parvosque
818 4005 942 4078 docent
963 4009 1186 4102 procumbere
1206 4023 1313 4078 natos.

400 4127 632 4198 Condiderant
648 4130 718 4223 jam
735 4144 813 4199 vota
828 4129 943 4200 diem:
965 4155 1032 4198 uox
1050 4131 1163 4201 addita
1184 4157 1281 4201 curas
