3172 5142
416 418 471 476 roo
722 411 937 474 'ffllffllllOS
957 415 1068 472 utun
1089 413 1156 470 vu.
1357 411 1392 474 (v.
1404 413 1475 472 ⁵35.)

412 545 513 614 Nunc
532 539 626 614 rudis
643 533 807 628 Ismenes,
827 563 919 610 nuuc
938 539 1100 610 flebiliore
1117 539 1285 634 meantis

412 664 616 758 Antigones,
635 663 796 756 remaque
811 662 964 730 animum
983 660 1140 730 turbante
1159 657 1307 754 poooella

410 783 589 854 Exciderat
605 807 749 878 regnum
770 809 779 851 ε
799 783 894 878 cupit
909 783 974 869 ire,
991 794 1026 850 et
1043 781 1132 850 mitis
1151 779 1314 852 Adrastus

410 905 489 974 Non
507 919 598 974 vetat
616 930 624 973 ε
645 903 701 972 hic
718 905 816 998 justu
834 902 967 997 Tydeus
985 927 1116 972 memor
1132 916 1275 996 occupet
1291 901 1380 972 lte:

463 1027 550 1096 «Me
567 1027 680 1120 potius
701 1026 805 1112 socii,
822 1026 882 1118 qui
899 1023 1006 1094 lidum
1026 1022 1182 1096 Eteocles
1199 1047 1310 1117 nuper

409 1151 595 1242 Expertus,
613 1169 675 1216 nec
693 1145 798 1216 freter
809 1165 924 1232 mem,
941 1169 995 1214 me
1012 1146 1175 1240 opponite
1193 1145 1282 1240 regi,

408 1269 516 1363 Cujus
536 1267 648 1338 adhuc
666 1289 784 1363 pucem
803 1268 991 1362 egregiam,
1010 1279 1046 1336 et
1063 1266 1154 1336 hone
1172 1265 1296 1337 l'oedere
1314 1283 1415 1362 gesto

408 1394 548 1461 Pectore
564 1390 599 1458 iu
617 1389 684 1458 hoc
702 1413 710 1458 ε
728 1389 787 1458 ubi
806 1402 888 1457 tunc
904 1387 1000 1474 fidei,
1018 1389 1177 1482 pacisque
1194 1403 1371 1482 sequestre

408 1513 520 1580 Mater
536 1503 626 1598 eras,
642 1508 794 1604 pulchris
812 1534 918 1603 quum
934 1531 987 1578 me
1005 1531 1074 1578 non
1091 1521 1202 1578 vestra
1219 1525 1350 1580 memte
1370 1525 1423 1580 est

407 1630 591 1728 Hospitiisl
608 1653 728 1726 nempe
744 1629 816 1699 hoc
834 1629 941 1699 trahis
963 1627 1005 1698 nd
1023 1630 1226 1700 commercia
1244 1630 1391 1700 natum?

407 1757 485 1824 Duc
502 1753 597 1824 illum
616 1755 651 1823 in
673 1777 849 1848 campum,
869 1767 980 1822 vestro
998 1754 1056 1847 qui
1078 1754 1242 1849 sunguine
1259 1755 1398 1848 pinguis

382 1893 385 1898 “
408 1876 522 1972 Spiret
539 1874 667 1964 adhuc,
689 1875 891 1970 pinguisque
910 1897 1011 1944 meo:
1032 1890 1067 1943 tu
1088 1899 1191 1968 porro
1208 1875 1376 1968 sequeris,

407 2001 482 2067 Heu
503 1998 645 2067 nimium
665 1997 776 2078 mitis,
795 1995 1006 2090 nimiumque
1026 1993 1131 2066 oblite
1146 1991 1300 2066 tuorum!

406 2117 540 2189 Scilicet
559 2117 688 2188 infeste
706 2141 811 2212 quum
829 2131 862 2186 te
880 2117 1008 2185 circum
1027 2116 1178 2210 undique
1194 2117 1319 2188 dextre

406 2239 596 2312 Nudnbuut
613 2263 728 2326 enses,
746 2239 818 2308 haec
834 2239 947 2326 flebit,
967 2254 1001 2308 et
1018 2262 1112 2308 erma
1128 2239 1326 2332 quiescent?

404 2365 496 2432 Tene
516 2360 591 2450 ille,
610 2362 677 2430 lreu
695 2359 849 2449 demens,
873 2358 975 2430 semel
992 2361 1084 2430 intre
1103 2362 1228 2430 moeuie
1244 2359 1422 2452 clausum,

404 2487 664 2576 Possessumque
682 2482 769 2552 odiis
787 2483 912 2576 Argiva
932 2483 967 2550 in
984 2496 1094 2550 caetra
1112 2483 1282 2552 remittet?

405 2607 494 2674 Ante
511 2602 582 2671 haec
600 2623 740 2672 excusso
761 2601 949 2672 frondescet
968 2599 1085 2670 lancee
1103 2601 1209 2690 ferro,

404 2725 551 2795 lunchus
569 2740 648 2794 ante
669 2739 782 2812 retro,
802 2739 983 2817 nosterque
999 2720 1169 2794 Achelous
1188 2723 1344 2800 abibunt.

404 2845 470 2915 sed
490 2847 572 2915 mite
590 2843 795 2939 alloquium,
812 2860 846 2914 et
864 2843 959 2912 saevis
977 2865 1043 2937 pax
1061 2846 1225 2936 quaeritur
1241 2852 1366 2920 ermis:

404 2971 483 3036 lltec
500 2991 635 3062 quoque
654 2981 764 3037 castre
781 2980 920 3060 petent,
939 2965 1085 3037 necdum
1103 2995 1255 3040 meruere
1271 2973 1398 3044 timeri.

405 3089 458 3154 An
475 3100 648 3181 suspectus
668 3087 751 3181 ego?
769 3081 934 3170 abscede,
957 3101 991 3156 et
1008 3113 1083 3157 mee
1104 3088 1242 3160 vulnera
1262 3091 1370 3164 douo.

405 3207 530 3293 Intret,
548 3206 653 3276 ethic
671 3207 817 3302 genitrix
835 3206 972 3296 eedem,
990 3206 1175 3304 medieque
1194 3237 1337 3284 sorores.

405 3327 508 3422 Finge
527 3343 640 3400 eutem
656 3330 763 3423 pectis
782 3329 929 3398 evictum
949 3331 1111 3400 excedere
1130 3335 1262 3427 regnis,

404 3447 536 3542 Nempe
555 3454 674 3522 iterum
695 3448 860 3520 reddesls
881 3454 1012 3520 Rursus
1030 3467 1158 3523 mutate
1178 3453 1363 3526 trahuntur

402 3569 545 3664 Agmine
565 3565 713 3642 consiliis
731 3599 740 3640 :
758 3571 872 3640 subito
889 3597 949 3640 ceu
972 3571 1106 3641 turbine
1126 3572 1199 3642 coeli

404 3693 535 3761 Obvius
553 3692 732 3762 adversum
750 3697 864 3762 Boreae
883 3695 994 3762 Notus
1013 3691 1151 3763 abstulit
1167 3720 1292 3789 equor.

451 3817 553 3882 Arme
570 3816 710 3900 iterum,
728 3812 891 3907 furiaeque
907 3813 1039 3909 placent
1058 3841 1066 3883 ε
1083 3814 1153 3884 sera
1166 3833 1299 3912 tempus
1311 3825 1456 3918 Erinnys

402 3935 545 4029 Arripit,
567 3948 601 4002 et
619 3935 735 4028 prime
755 3932 894 4004 molitur
909 3936 1038 4004 semine
1057 3961 1188 4032 pugne.

450 4057 619 4125 Errabant
641 4059 781 4152 gemine
799 4059 929 4128 llireoen
948 4055 992 4126 ed
1015 4057 1153 4128 flumine
1169 4061 1286 4155 tigres,
