3156 5138
416 506 455 562 90
770 491 799 544 Ρ.
822 489 945 546 runnu
966 491 1090 548 suurn

417 607 1463 638 w⁸mmmmmmmmm

900 921 975 1006 IV.

655 1229 834 1297 CAPILLI
860 1229 1015 1300 FLtvu
1040 1231 1211 1300 EARINI.

463 1834 542 1918 Ius,
557 1853 679 1916 come,
692 1826 903 1922 facilemque,
916 1853 1051 1924 precor,
1070 1833 1285 1902 transcurrite
1302 1847 1462 1926 pontum:

415 1958 482 2036 lte,
501 1963 661 2020 coronato
679 1950 872 2019 recubantes
892 1949 1037 2021 molliter
1056 1977 1140 2026 auro
1160 1980 1168 2022 ε

416 2077 483 2161 lte,
502 2071 596 2140 dabit
614 2095 730 2140 eunus
749 2071 840 2139 mitis
860 2071 1024 2166 Cytherea
1040 2074 1219 2162 secundos,

417 2193 630 2286 Placebitque
648 2194 757 2262 Notos
777 2218 784 2260 :
805 2192 873 2261 fors
890 2205 923 2261 et
943 2193 983 2262 de
1000 2219 1114 2290 puppe
1132 2197 1278 2266 timenda

415 2313 624 2402 Transferat,
645 2315 746 2406 inque
763 2337 824 2382 sua
842 2311 943 2383 ducet
961 2339 1061 2408 super
1079 2341 1212 2410 aequora
1230 2317 1369 2387 concha.

465 2437 588 2529 Accipe
608 2433 780 2523 laudatos,
798 2435 930 2528 juvenis
948 2435 1123 2520 Phoebeie,
1143 2439 1250 2505 crines

416 2563 512 2649 Quos
531 2557 592 2625 tibi
611 2557 779 2625 Caesareus
798 2554 902 2624 donat
920 2580 1004 2648 puer
1023 2583 1031 2624 ε
1050 2558 1160 2651 accipe
1179 2557 1290 2643 laetus,

417 2683 621 2770 Intonsoque
638 2675 775 2744 ostende
793 2676 881 2770 patri
900 2701 908 2744 :
929 2678 999 2746 sine
1018 2676 1114 2746 dulce
1132 2679 1272 2747 nitentes

417 2803 615 2892 Comparet‚
634 2812 733 2890 atque
751 2795 810 2865 diu
827 2795 938 2865 fratris
957 2812 1054 2890 purtet
1071 2822 1141 2866 esse
1157 2800 1257 2892 Lyaei.

406 2925 543 3022 'Forsan
561 2934 594 2988 et
612 2920 683 3012 ipse
700 2942 802 2987 comae
821 2943 992 3011 nunquam
1012 2915 1153 2988 labentis
1173 2918 1334 2989 honorem

418 3040 586 3126 Proferet,
605 3055 705 3132 atque
724 3038 789 3108 alio
808 3037 955 3108 clausurn
977 3038 1036 3107 tibi
1055 3054 1156 3133 ponet
1174 3042 1209 3108 in
1227 3065 1319 3110 auro.
1425 3073 1431 3086 ·

465 3164 646 3256 Pergam,
667 3159 805 3252 pinifera
824 3156 968 3228 multum
985 3158 1113 3228 felicior
1131 3157 1208 3230 Ida!

417 3279 478 3350 Illa
496 3279 573 3350 licet
591 3305 690 3349 sacrae
709 3278 835 3373 placcat
853 3281 915 3348 sibi
934 3278 1033 3349 laude
1051 3283 1196 3374 rapinae;

418 3403 572 3498 (Nempe
591 3400 683 3470 dedit
701 3402 836 3495 Superis
856 3399 969 3490 illurn,
987 3426 1086 3495 quern
1106 3401 1240 3472 turbida
1258 3429 1388 3497 semper

418 3511 507 3594 Juno
526 3521 635 3606 videt,
654 3520 841 3614 refugitque
861 3546 1017 3608 manum,
1037 3539 1215 3618 nectarque
1233 3521 1384 3616 recusat)

417 3647 464 3717 At
483 3656 520 3710 tu
539 3657 634 3736 grata
651 3641 752 3727 Deis,
770 3640 976 3735 pulchroque
995 3643 1131 3738 insignis
1150 3643 1305 3728 alumno,

417 3763 542 3832 Misisti
559 3764 675 3850 Latio,
695 3759 823 3855 placida
841 3787 939 3856 quern
958 3763 1067 3833 fronte
1086 3765 1278 3834 ministrum

418 3883 572 3977 Iuppiter
589 3884 757 3953 Ausonius
775 3883 919 3977 pariter,
937 3888 1154 3980 Romanaque
1171 3889 1190 3953 J
1193 3911 1259 3954 uno

419 4005 609 4098 inspiciunt,
628 4018 662 4072 et
682 4019 820 4096 uterque
839 4007 994 4097 probant.
1015 4007 1086 4075 Nec
1105 4019 1198 4074 tanta
1217 4009 1346 4101 potenti

419 4119 595 4195 Terrarum
615 4125 751 4194 domino
771 4126 896 4194 Divurn
915 4127 985 4195 sine
1005 4139 1115 4194 mente
1136 4124 1298 4219 voluptas.
