3172 5142
364 391 418 482 ns
668 381 884 478 mmsmos'
904 415 1019 476 uasa
1036 415 1099 472 vn
1289 429 1323 479 u-
1336 415 1410 476 σεε.)

360 551 462 619 Crine
480 544 585 614 latent
604 543 735 614 humeri
757 568 765 611 ε
785 555 940 614 crescunt
960 538 1120 634 lanugine
1137 535 1251 627 malm,

359 671 404 736 Et
421 666 518 736 rubet
538 659 681 732 imbellis
699 661 800 754 Tyrio
819 660 1007 730 subtemine
1027 659 1166 728 thorax:

359 784 567 878 Brachiaque
585 783 621 851 in
640 781 799 868 manicis,
818 793 854 850 et
870 780 967 875 pictae
986 775 1121 850 vincula
1140 774 1281 872 plantae,

360 903 585 994 carbaseique
603 901 716 987 sinus,
731 911 765 974 et
774 896 889 990 fibula
907 896 1016 970 rasilis
1036 921 1119 970 auro

280 1003 286 1014 „
360 1022 546 1090 Taenariam
565 1017 656 1089 fulva
675 1017 850 1088 mordebat
868 1016 997 1112 iaspide
1016 1015 1158 1110 pallam3

314 1211 320 1221 ,
361 1142 473 1231 Quam
493 1162 595 1234 super
614 1161 634 1206 a
652 1153 747 1232 tergo
766 1135 863 1208 velox
882 1150 1034 1231 corytus,
1053 1150 1087 1206 ct
1107 1159 1222 1222 arcus,

360 1257 613 1352 Pendentesque
630 1270 750 1326 sonant
768 1270 884 1326 aurata
903 1255 999 1352 lynce
1019 1256 1196 1351 pharetras.

362 1383 394 1448 It
414 1378 608 1473 lymphante
626 1381 700 1448 Deo
720 1376 829 1446 media
848 1378 935 1446 inter
953 1373 1060 1446 millia
1075 1374 1215 1470 longum

363 1497 560 1566 vociferans
580 1521 588 1564 :
607 1495 812 1566 «Prohibete
829 1519 948 1564 manus
968 1521 975 1563 :
997 1495 1067 1566 brec
1087 1496 1199 1564 omine
1221 1494 1339 1566 daco

252 1661 257 1670 ·
363 1618 489 1686 Moenia
509 1615 667 1710 Cyrrhaea
687 1617 886 1684 monstravit
905 1612 1028 1708 Apollo
1043 1614 1197 1708 juvenca.

368 1737 510 1822 Parcite,
530 1737 564 1804 in
584 1734 655 1804 baec
674 1733 764 1803 ultro
782 1731 911 1828 scopuli
930 1757 1049 1802 venere
1069 1731 1229 1803 volentes.

365 1857 457 1923 Gens
476 1869 604 1924 sacrata
623 1877 763 1923 sumus:
785 1877 888 1946 gener
907 1853 985 1924 huic
1004 1866 1056 1922 est
1072 1855 1091 1921 J
1094 1854 1228 1948 uppiter
1248 1853 1343 1936 urbi,

367 1973 601 2070 Gradivusque
612 1997 706 2042 socer
721 1998 729 2041 :
747 1972 914 2043 Bacchum
934 1970 1024 2040 haud
1044 1974 1227 2044 mentimur
1239 1970 1419 2042 alumnum

367 2097 411 2162 Et
431 2117 589 2188 magnum
611 2090 791 2164 Alciden.»
809 2094 952 2162 lactanti
972 2089 1052 2162 talia
1069 2093 1194 2163 frustra

302 2236 305 2243 ·
368 2212 536 2282 Turbidus
557 2213 647 2282 aeria
664 2214 840 2306 Capaneus
859 2213 1004 2281 occurrit
1023 2213 1059 2282 in
1077 2212 1183 2282 basta.

371 2330 490 2419 Qualis
511 2331 568 2400 ubi
587 2309 801 2425 primamleo
821 2356 919 2400 mane
937 2330 1104 2401 cubilibus
1123 2333 1203 2401 atris

370 2451 485 2520 Erexit
498 2450 641 2538 rabiem,
653 2465 687 2520 et
700 2474 786 2520 saevo
801 2449 993 2546 speculatur
1010 2450 1052 2520 ab
1069 2465 1166 2521 anuo

374 2571 445 2640 Aut
459 2594 608 2654 cervam,
626 2583 684 2638 aut
703 2569 853 2639 nondum
871 2569 1051 2640 bellantem
1065 2571 1175 2642 fronte
1190 2573 1396 2666 Juvencum,

371 2692 403 2758 It
420 2689 552 2757 fremitu
569 2688 736 2782 gaudens,
757 2687 834 2759 licet
849 2714 959 2778 arma,
975 2713 1161 2786 gregesque
1174 2689 1338 2760 lacessant

375 2809 588 2895 Venantum,
608 2807 754 2902 praedam
772 2806 881 2894 videt,
898 2823 931 2879 et
945 2834 1005 2880 sua
1024 2807 1162 2880 vulnera
1182 2810 1296 2878 nescit.

423 2928 476 2996 Sic
490 2943 570 2996 tunc
584 2951 764 3021 congressu
782 2931 957 3022 Capaneum
974 2930 1105 3020 gavisus
1124 2929 1241 3022 iniquo

374 3047 536 3116 Librabat
549 3070 670 3140 magna
685 3061 859 3120 venturam
878 3033 965 3116 mole
983 3072 1186 3140 cupressum.
1306 3028 1310 3036 Ι

373 3171 460 3238 Ante
479 3181 608 3246 tamen,
623 3165 741 3254 «Quid
757 3164 906 3234 femineis
923 3164 1125 3254 ululatibus,
1143 3167 1267 3260 inquit,

375 3284 566 3372 Terrificas,
582 3287 760 3371 moriture,
776 3285 886 3353 viros?
902 3285 1030 3354 utinam
1047 3286 1118 3380 ipse
1132 3286 1277 3372 veniret,

375 3406 439 3473 Cui
455 3399 551 3472 furis!
570 3405 640 3472 haec
653 3405 763 3498 Tyriis
776 3428 858 3473 cane
869 3405 1032 3472 matribus
1047 3429 1054 3472 ε
1070 3433 1086 3468 a
1102 3419 1136 3473 et
1156 3401 1253 3474 simul
1273 3404 1409 3474 hastam

377 3522 536 3619 Expulit:
553 3521 609 3592 illa
627 3521 758 3609 volans,
773 3548 835 3593 ceu
848 3525 898 3592 vis
915 3549 982 3592 non
1002 3522 1071 3595 ulla
1090 3538 1239 3594 moretur

379 3643 506 3728 Obvia,
521 3645 577 3712 vix
591 3643 703 3710 sonuit
716 3619 852 3740 clypeo,
871 3658 905 3711 et
920 3645 990 3738 jam
1010 3659 1103 3740 terga
1123 3641 1268 3738 reliquit.

368 3765 483 3878 ¹Arum
502 3761 633 3849 fluunt,
653 3760 826 3856 longisque
845 3778 962 3858 crepat
979 3762 1179 3858 singultibus
1198 3786 1339 3850 aurum,

380 3883 595 3975 Eruptusque
615 3881 707 3948 sinus
722 3883 799 3949 vicit
813 3905 923 3952 cruor.
938 3882 1078 3951 'Occidis
1098 3881 1224 3970 audax,

380 3998 514 4069 Occidis
535 4001 635 4068 Aonii
654 4024 739 4094 puer
757 3999 860 4069 altera
878 4027 957 4070 cura
974 4003 1072 4098 Lyaei.
