3206 5136
402 469 435 540 54
719 469 933 526 ΤΗΕΒΔ1Βο8
955 470 1066 526 LIBER
1086 470 1122 524 V.
1335 470 1464 530 (tv-‘l

445 602 555 672 Gnusa
574 595 637 667 viae
656 595 816 692 genitrix,
837 621 899 666 nec
920 595 1090 690 inhospita
1112 611 1199 666 tecta
1218 596 1367 690 Lycurgi

398 721 614 790 praebuerant
633 716 760 804 aditus,
781 731 815 784 et
833 717 987 811 protinus
1008 714 1063 784 ille
1082 731 1226 810 tyranno

398 841 546 913 Nuntius
564 839 732 908 exstinctae
750 837 941 906 miserando
959 838 1097 907 vulnere
1114 837 1228 933 prolis.

396 965 490 1056 Ergo
510 959 633 1030 adsunt
649 959 789 1028 comites
806 958 893 1054 (pro
912 958 997 1048 fors,
1018 973 1053 1028 et
1070 983 1157 1028 caeca
1174 959 1280 1032 futuri

397 1085 496 1150 Mens
512 1075 730 1172 hominuml)
748 1081 886 1174 regique
902 1078 1018 1148 favent
1033 1105 1041 1146 :
1059 1079 1117 1149 sed
1132 1083 1277 1150 Lemnos
1294 1077 1339 1148 ad
1356 1103 1462 1148 nume

399 1207 446 1276 Ut
462 1203 628 1296 primum,
649 1198 824 1293 dictusque
840 1201 969 1290 Thoas,
987 1225 1048 1296 per
1065 1199 1150 1290 telo,
1168 1225 1356 1294 manusque

319 1395 324 1406 ,
399 1327 593 1408 irruerunt,
611 1334 822 1415 matremque
840 1319 947 1389 avidis
965 1317 1193 1413 complexibus
1212 1321 1314 1390 ambo

398 1445 572 1539 Diripiunt
592 1441 724 1530 flentes,
747 1440 943 1534 alternaque
962 1457 1100 1537 pectora
1118 1458 1260 1514 mutant.

449 1562 512 1633 Illa
529 1562 621 1631 velut
637 1587 737 1658 rupes
755 1564 896 1632 immoto
913 1587 1010 1632 saxea
1027 1563 1100 1632 visu

395 1675 530 1772 buret,
549 1698 584 1752 et
600 1683 745 1778 expertis
763 1708 832 1752 non
852 1682 954 1752 audet
972 1682 1106 1752 credere
1126 1685 1232 1752 Divis.

401 1807 449 1874 Ut
466 1827 546 1872 vero
563 1818 597 1872 et
613 1801 743 1890 vultus,
761 1817 795 1872 et
812 1803 908 1897 signa
924 1807 1038 1897 Argoa
1055 1802 1178 1872 relictis

401 1922 565 2009 Ensibus,
585 1937 685 2014 atque
702 1921 851 1990 humeris
869 1922 1046 1991 amborum
1065 1924 1344 2012 intercutem,

402 2045 584 2112 Cesserunt
601 2039 726 2129 luctus,
745 2042 946 2135 turbataque
963 2066 1103 2111 munere
1122 2057 1213 2112 tanto

403 2163 558 2250 Corruit,
580 2176 680 2256 atque
700 2159 766 2231 alio
786 2161 988 2232 maduerunt
1008 2161 1135 2231 lumina
1156 2163 1246 2232 fletu.

404 2281 530 2352 Addita
547 2282 643 2377 signa
662 2281 759 2375 polo,
780 2281 922 2376 laetoque
940 2281 1089 2352 ululante
1107 2282 1253 2353 tumultu

404 2405 598 2498 Tergaque,
616 2415 649 2472 et
668 2428 734 2473 aera
753 2405 817 2490 Dei
837 2419 945 2472 motas
963 2429 1122 2500 crepuere
1139 2430 1199 2500 per
1213 2429 1324 2474 auras.

452 2526 551 2593 Tunc
568 2526 643 2618 pius
660 2522 836 2612 OEclides,
855 2540 893 2593 ut
911 2526 1020 2619 prima
1038 2523 1170 2594 silentia
1184 2523 1276 2620 vulgi

405 2641 544 2712 Mollior
561 2644 610 2711 ira
627 2642 739 2732 dedit,
758 2642 972 2738 placidasque
988 2647 1125 2714 accessit
1140 2645 1182 2713 od
1199 2671 1298 2716 aures
1315 2673 1323 2714 :

456 2762 623 2852 «Audite,
644 2789 668 2832 o
685 2763 807 2834 ductor
825 2767 974 2851 Nemete,
993 2763 1133 2858 lectique
1150 2781 1303 2861 potentes

407 2883 593 2972 Inachidae,
614 2909 688 2978 quae
707 2900 817 2954 certus
838 2887 893 2980 agi
915 2885 1106 2956 manifestat
1123 2887 1256 2982 Apollo.

408 3006 473 3074 Iste
491 3003 627 3097 quidem
647 3005 810 3100 Argolicis
829 3007 919 3074 haud
937 3004 1017 3075 olim
1038 3007 1205 3076 indebitus
1224 3012 1327 3078 annis

408 3129 535 3195 Luctus
555 3125 650 3194 adest
672 3151 679 3194 :
701 3142 794 3195 recto
815 3127 1022 3197 descendunt
1042 3126 1146 3198 limite
1164 3133 1286 3204 Pareae.

409 3247 454 3316 Et
470 3247 541 3317 sitis
560 3248 696 3316 interitu
713 3247 913 3334 fluviorum,
933 3263 966 3316 et
982 3247 1089 3318 letifer
1105 3253 1241 3345 anguis,

410 3370 454 3435 Et
474 3392 575 3461 puer,
595 3367 660 3436 heu
682 3369 787 3436 nostri
809 3369 958 3463 signatus
978 3371 1114 3438 nomine
1136 3369 1225 3466 fati,

410 3488 660 3556 Archemorus:
680 3501 801 3557 cuncta
821 3488 891 3557 haeo
911 3491 1078 3585 Superum
1096 3491 1237 3562 demissa
1259 3519 1416 3588 suprema

410 3609 526 3675 Mente
545 3607 680 3676 fluunt:
700 3607 833 3677 differte
852 3611 998 3694 animos,
1019 3611 1203 3706 festinaque
1220 3613 1287 3682 tela

411 3729 531 3797 Ponite
549 3754 557 3796 :
576 3731 742 3798 mansuris
759 3730 936 3800 donandus
954 3731 1139 3802 honoribus
1157 3733 1266 3803 infans
1284 3761 1292 3802 τ

412 3851 456 3917 Et
475 3850 597 3917 meruit
616 3874 624 3915 ι
643 3848 700 3917 det
718 3848 859 3944 pulchra
878 3853 945 3920 suis
963 3851 1121 3921 libamina
1139 3855 1244 3923 virtus

412 3968 589 4053 Manibus,
610 3983 710 4062 etque
730 3972 859 4040 utinam
881 3971 993 4067 plures
1014 3974 1182 4043 innectere
1200 4001 1340 4073 pergas,

413 4089 554 4177 Phoehe,
576 4114 705 4178 moras,
726 4116 922 4186 semperque
943 4095 1039 4163 novis
1060 4093 1185 4164 bellare
1206 4112 1360 4169 vetemur
