3172 5142
191 463 223 526 lv.
235 465 305 529 ses.)
498 463 716 522 mnnamos
737 463 932 522 traua-vu.
1188 475 1240 530 {07

190 590 275 658 Mite
291 588 431 682 jugum,
446 584 525 656 belli
542 587 714 682 quondam
732 601 883 657 vastator
898 587 961 672 Eoi

192 711 339 793 Currus,
359 706 540 800 Erythraeis
556 731 641 799 quas
658 731 766 802 nuper
782 708 891 776 victor
908 707 950 776 ab
968 707 1036 774 oris
1100 695 1102 698 ⁵

193 825 294 894 Liber
309 827 349 894 in
367 825 493 895 Aonios
509 827 645 896 meritas
664 825 837 906 dimiserat
853 849 953 920 agros

192 944 271 1014 lllas
287 946 387 1015 turba
404 947 485 1031 Dei,
504 946 680 1040 seniorque
699 971 739 1014 ex
757 969 852 1014 more
868 944 1024 1016 sacerdos

192 1068 372 1164 Sanguinis
390 1066 531 1154 oblitas,
551 1081 651 1161 atquo
663 1066 789 1136 Indum
808 1090 947 1162 gramen
962 1063 1107 1152 olentes,

191 1186 333 1258 Palmite
350 1201 484 1258 maturo
499 1189 667 1282 variisque
684 1211 807 1258 ornare
824 1187 991 1281 corymbis

190 1311 317 1396 Curat,
333 1321 367 1376 et
383 1306 512 1376 alterno
529 1306 677 1378 maculas
690 1305 864 1403 interligat
882 1322 986 1378 ostro.

190 1431 334 1520 Jamque
351 1428 415 1521 ipsi
434 1425 550 1512 eolles,
568 1429 641 1520 ipsa
655 1427 731 1514 has,
750 1424 829 1523 quis
849 1427 984 1499 credat?
1001 1427 1161 1498 amabant

192 1551 368 1631 Armenta,
388 1561 489 1641 atque
505 1571 593 1618 auara
614 1549 740 1618 circum
760 1549 892 1644 mugire
908 1548 1071 1640 juvenca.

191 1670 328 1764 Quippe
347 1665 432 1737 nihil
449 1681 600 1762 grassata
619 1666 742 1756 fames,
762 1692 882 1748 manus
904 1667 1005 1737 ohvia
1022 1669 1150 1763 pascit,

191 1791 463 1882 Exspectantque
481 1787 594 1877 cibos,
614 1786 757 1882 fusoque
773 1787 946 1860 horrenda
963 1789 1126 1883 supinant

191 1909 262 1976 Ora
281 1931 391 1995 mero,
409 1932 494 2003 vaga
512 1933 592 1978 rure
611 1909 729 2002 quies:
749 1907 933 2002 siquando
952 1905 1100 2006 benigno

189 2027 318 2098 Urbem
334 2029 441 2096 iniere
459 2027 583 2123 gradu,
604 2029 724 2100 domus
742 2031 868 2114 omnis,
889 2043 922 2098 et
939 2035 1053 2102 omnia
1072 2029 1174 2103 sacris

190 2146 331 2242 Templa
348 2146 476 2236 calent,
493 2150 671 2243 ipsumque
687 2149 771 2222 fides
792 2156 932 2224 intrasse
951 2157 1098 2248 Lyaeum.

239 2271 309 2337 Has
329 2268 389 2352 ubi
408 2270 545 2363 vipereo
562 2284 666 2340 tactas
685 2291 736 2344 ter
754 2289 933 2368 utramque
950 2273 1083 2370 flagello

191 2390 349 2459 Eumenis
365 2391 402 2458 in
421 2389 543 2484 furias,
565 2398 781 2491 animumque
799 2395 908 2466 redire
926 2397 1074 2490 priorem

191 2518 346 2614 Impulit,
365 2532 550 2612 erumpunt
569 2542 639 2587 non
656 2517 916 2613 agnoscentibus
936 2517 1060 2612 Argis:

192 2644 263 2712 Ceu
278 2640 347 2710 duo
365 2639 498 2709 diverso
512 2639 641 2734 pariter
659 2639 687 2710 si
706 2639 850 2709 fulmina
868 2636 953 2707 eoelo

192 2765 305 2855 Rupta
322 2758 464 2844 cadant,
485 2759 690 2854 longumque
711 2759 847 2828 trahant
865 2783 926 2853 per
944 2758 1060 2828 nubila
1080 2761 1217 2828 crinem.

240 2885 320 2954 Non
340 2881 438 2952 aliter
457 2905 559 2950 cursu
578 2880 721 2973 rapida,
742 2892 842 2973 atque
858 2881 1005 2950 immane
1023 2879 1202 2950 frementes

192 3002 401 3075 Transiliunt
419 3024 573 3096 campos,
591 3001 812 3095 aurigamque
830 3001 954 3094 impete
974 2983 1086 3088 vasto,

193 3123 415 3219 Amphiarae,
436 3137 533 3192 tuum
552 3127 629 3216 (nec
645 3118 751 3190 defuit
770 3144 885 3208 oman,
904 3117 1027 3190 heriles

193 3249 293 3315 Forte
314 3245 342 3314 is
360 3246 489 3339 primus
506 3235 611 3336 equos
630 3255 750 3336 stagna
771 3241 812 3309 ad
830 3242 943 3310 vicina
963 3233 1141 3332 trahebat)

195 3368 392 3463 Corripiunt
407 3392 415 3435 ε
432 3389 511 3434 mox
528 3364 719 3434 Taenarium
737 3363 795 3456 qui
815 3363 991 3457 proximus
1007 3360 1102 3430 Idam

194 3489 408 3584 AEtolumque
427 3491 611 3558 Acamanta
630 3498 812 3578 premunt:
829 3483 908 3578 fuga
923 3498 1021 3552 torva
1035 3505 1096 3579 per
1113 3507 1213 3579 agros

194 3609 443 3706 Cornipedum,
465 3609 535 3676 visa
553 3607 661 3676 donec
681 3605 873 3675 flammatus
894 3609 1064 3676 Aconteus

194 3734 312 3826 Strage
328 3731 456 3816 virum,
475 3729 530 3798 cui
549 3742 642 3798 sucta
661 3726 747 3796 feras
764 3740 978 3821 prosternere
998 3728 1126 3814 virtus,

193 3825 297 3920 Arcas
315 3864 402 3937 erat,
422 3849 535 3919 densis
546 3849 619 3943 jam
637 3846 705 3917 fida
724 3846 767 3916 ad
782 3848 905 3917 moenia
927 3869 1040 3916 versas

194 3972 387 4066 Insequitur
399 3965 495 4058 telis,
516 3969 729 4063 multumque
748 3967 868 4039 hastile
888 3994 1061 4040 resumens

193 4094 273 4178 Ter,
293 4105 426 4186 quater,
447 4088 593 4162 adducto
612 4115 672 4185 per
692 4105 800 4187 terga,
818 4115 878 4186 per
896 4089 952 4160 itia
973 4089 1039 4161 telo
