3192 5148
383 397 421 458 qo
747 387 778 440 P.
799 384 922 440 ruam
942 384 1067 442 srsrn
1336 397 1431 450 <euos

383 517 483 583 Hunc
499 534 562 580 nec
582 533 666 579 saeva
683 508 757 578 viro
775 511 937 604 potuisset
953 532 1090 603 carpere
1110 511 1258 597 Pmcne,

383 632 454 702 Nec
471 630 541 699 fera
558 627 709 698 crudeles
726 626 862 698 Colchis
878 628 1029 698 durasset
1044 627 1080 696 in
1097 629 1180 718 iras,

382 751 502 821 Editus
518 748 626 819 AEolia
642 773 705 819 nee
722 748 750 818 si
767 748 853 817 foret
872 749 934 818 iste
950 750 1094 836 Creusa3
1138 835 1140 840 ι
1212 753 1215 760 ’

382 875 511 940 Torvus
531 870 573 938 ab
592 870 656 939 boc
675 869 837 940 Athamas
854 869 987 938 insanos
1004 869 1152 939 flecteret
1170 894 1277 941 arcus.

384 991 498 1078 Hunc,
513 1013 706 1083 quanquam
721 994 903 1059 Hectoreos
917 989 1045 1058 cineres
1059 989 1262 1085 Trojamque
1276 1014 1430 1085 peroms,

383 1110 545 1179 Turribus
562 1135 580 1179 e
598 1110 751 1205 Phrygiis
768 1109 879 1178 flesset
893 1110 1054 1178 missurus
1071 1107 1194 1180 Ulixes.

432 1231 579 1325 Septima
595 1229 653 1300 lur
670 1256 678 1298 ε
698 1243 732 1299 et
748 1231 819 1324 jam
839 1229 995 1325 frigentia
1010 1227 1139 1298 lumina
1156 1242 1314 1325 torpent,

383 1357 458 1423 Jam
474 1348 648 1446 complexa
663 1374 767 1419 manu
784 1351 912 1420 crinem
931 1363 1022 1419 tenet
1039 1343 1146 1419 infera
1162 1353 1263 1420 Juno.

383 1471 447 1541 Ille
464 1485 597 1557 tamen,
615 1471 728 1539 Parcis
744 1468 877 1564 fragiles
893 1469 1089 1564 urgentibus
1106 1494 1233 1557 annos,

384 1595 432 1660 Te
448 1589 544 1659 vultu
560 1591 725 1660 moriente
741 1588 848 1676 videt,
867 1589 1049 1684 linguaque
1066 1589 1206 1658 cadente
1240 1623 1242 1628 v

384 1712 577 1781 Murmurat
598 1735 606 1778 ε
626 1710 662 1778 in
680 1723 712 1778 te
728 1733 844 1779 omnes
860 1710 957 1778 vacui
971 1711 1040 1805 jara
1060 1710 1205 1803 pectoris
1220 1709 1312 1778 efflat

386 1828 570 1923 Relliquias
588 1855 596 1897 ε
615 1826 724 1898 solum
741 1829 912 1916 meminit,
929 1827 1104 1921 solumque
1123 1841 1300 1897 vocantem

386 1949 545 2036 Exaudit,
566 1949 693 2044 tibique
710 1973 770 2019 ora
786 1963 913 2036 movet,
934 1949 996 2017 tibi
1011 1949 1116 2018 verba
1131 1947 1305 2040 relinquit,

386 2073 430 2140 Et
446 2071 602 2164 prohibet
618 2071 775 2166 gemitus,
794 2067 1052 2162 consolaturque
1070 2066 1250 2137 dolentem.

386 2191 531 2259 Gratum
547 2195 713 2278 est,Fata,
732 2202 862 2277 tamen,
879 2187 971 2283 quod
988 2212 1057 2256 non
1078 2185 1168 2256 iuors
1189 2184 1280 2255 lenta
1295 2186 1435 2280 jacentis

387 2308 507 2378 Exedit
524 2307 652 2403 puerile
668 2307 783 2397 decus,
799 2333 981 2402 manesque
999 2309 1123 2378 subivit

388 2429 532 2522 lnteger,
549 2441 583 2495 et
599 2421 695 2497 nullo
715 2440 894 2498 temeratus
911 2452 1053 2522 corpora
1070 2426 1195 2496 damno
1214 2452 1223 2494 ε

387 2545 507 2637 Qualis
523 2543 609 2615 erat!
627 2544 720 2635 Quid
736 2571 799 2641 ego
819 2549 1005 2640 exsequias,
1023 2561 1057 2617 et
1072 2547 1213 2642 prodiga
1228 2545 1371 2614 flammis

388 2667 487 2735 Dona
503 2663 635 2758 loquar,
652 2678 836 2758 moestoque
851 2664 1004 2736 ardentia
1021 2667 1139 2735 funera
1157 2664 1260 2735 luxu?

388 2783 491 2875 Quod
508 2785 569 2853 tibi
586 2808 758 2879 purpureo
775 2785 876 2854 tristis
893 2809 994 2880 rogus
1010 2811 1130 2882 aggere
1142 2788 1253 2857 crevit
1271 2811 1279 2854 :

388 2903 491 2992 Quod
508 2901 652 2973 Cilicum
669 2903 784 2992 flores,
800 2903 891 2997 quod
905 2929 1046 2974 munera
1062 2906 1221 2999 graminis
1236 2903 1329 2990 Indi,

389 3022 556 3116 Quodque
572 3023 715 3110 Arabes,
730 3022 926 3116 Phariique,
942 3021 1173 3117 Palaestinique
1190 3021 1336 3118 liquores
1371 3092 1375 3099 ,

390 3144 554 3212 Arsuram
569 3139 680 3212 lavere
696 3167 837 3212 comam.
855 3144 959 3238 Cupit
977 3144 1090 3210 omnia
1108 3143 1194 3211 ferre

390 3261 570 3358 Prodigus,
589 3275 623 3332 et
639 3275 726 3332 totos
743 3260 866 3332 Melior
880 3260 1081 3332 succendere
1100 3285 1233 3346 census,

390 3385 547 3452 Desertas
563 3406 680 3452 exosus
697 3405 792 3476 opes;
808 3380 866 3450 sed
886 3406 955 3451 nou
971 3382 1061 3475 capit
1076 3382 1163 3476 ignis

391 3489 548 3588 Invidus,
563 3515 664 3596 atque
681 3515 779 3571 arctes
796 3499 918 3569 desunt
933 3501 969 3568 in
985 3525 1125 3570 munera
1143 3501 1293 3570 flamma.

392 3618 522 3688 Horror
536 3619 637 3688 habet
653 3643 767 3688 sensus
784 3645 792 3688 s
812 3617 945 3712 qualem
965 3633 998 3690 te
1017 3619 1133 3689 funere
1151 3645 1301 3707 summo,

392 3739 503 3831 Atque
522 3763 642 3834 rogum
655 3742 771 3833 juxta,
789 3737 912 3809 Melior
928 3737 1148 3833 placidissime
1165 3739 1350 3833 quondam,

394 3853 555 3927 Extimui!
574 3872 654 3928 tune
669 3857 726 3928 ille
742 3858 873 3946 hilaris,
890 3857 1060 3952 comisque
1075 3857 1206 3928 videri?
1279 3835 1282 3842 ⁵

395 3973 495 4046 Unde
512 3978 631 4066 animi,
649 4003 805 4072 saevaeque
824 4002 962 4067 manus,
978 3991 1012 4048 et
1027 3978 1188 4048 barbarus
1204 3979 1351 4048 horror?
