3094 5140
86 519 120 560 (v.
132 514 203 574 5²5.)
393 513 607 573 antemos
630 517 739 572 LIBER
763 519 813 574 lx.
1082 513 1137 573 153

85 637 277 722 Victorem,
297 635 368 727 vel,
389 639 416 707 si
435 639 546 734 ampla
567 655 665 736 peto,
686 640 854 712 davisere
871 653 1014 712 tantum.

85 759 153 828 Hic
170 757 283 847 sudet,
303 774 427 854 tuaque
444 785 537 830 arma
558 760 642 831 ferat
662 787 669 832 ε
694 787 825 858 preme,
849 764 956 853 Diva,
973 758 1138 833 malorum

85 880 213 974 Signa:
230 878 312 974 quid
328 882 362 951 in
384 883 526 970 nostris,
548 884 726 954 nemoralis
744 880 859 972 Delia,
877 883 969 954 silvis

86 999 259 1069 Maenades
277 999 432 1091 hostiles,
449 1002 676 1098 Thebanaque
693 1006 832 1074 numina
851 1003 1014 1101 regnant?

85 1122 151 1188 Hei
171 1118 270 1190 mihi!
290 1145 352 1224 cur
369 1125 502 1217 penitus
518 1122 663 1219 (simque
681 1149 790 1222 augur
805 1150 897 1196 cassa
911 1121 1033 1194 fiituri!
1046 1123 1076 1220 ),

86 1245 160 1310 Cur
178 1242 328 1334 penitus,
346 1267 537 1338 magnoque
556 1246 763 1339 interpretor
782 1249 894 1316 omine
912 1243 1099 1340 quercum?

86 1361 192 1450 Quod
208 1365 235 1431 si
254 1387 335 1431 uera
348 1388 451 1460 sopor
468 1367 598 1435 miserae
614 1368 777 1462 praesagia
797 1368 917 1455 mittit,

86 1485 155 1552 Per
172 1497 223 1570 te,
240 1497 428 1573 maternos,
449 1487 538 1555 mitis
558 1487 745 1582 Dictynna,
764 1486 914 1572 labores,

87 1607 355 1698 Fraternumque
375 1603 493 1694 decus,
513 1607 611 1699 justis
628 1607 718 1677 huuc
739 1608 805 1703 fige
820 1610 948 1704 sagittis

87 1722 262 1792 Infelicem
283 1739 417 1795 uterum
435 1753 443 1795 :
462 1729 590 1796 miserae
608 1729 681 1797 sine
700 1728 817 1797 funera
838 1730 953 1797 matris

87 1845 213 1916 Audiat
233 1845 288 1915 ille
309 1849 443 1940 prior.»
462 1851 574 1936 Dixit,
591 1849 738 1944 fletuque
755 1849 865 1920 soluto

86 1967 242 2062 Adspicit
258 1983 292 2036 et
312 1969 416 2037 niveas
436 1995 554 2040 saxum
575 1971 742 2041 maduisse
756 1973 884 2041 Dianae.

139 2087 237 2156 Illam
255 2090 344 2160 Diva
363 2090 457 2158 ferox
479 2093 664 2160 etiamnum
682 2092 718 2160 in
739 2091 855 2161 limine
874 2115 968 2161 sacro

88 2211 305 2303 Expositam,
323 2224 356 2278 et
376 2208 502 2304 gelidas
520 2228 710 2281 verrentem
731 2214 881 2282 crinibus
899 2237 974 2282 aras

88 2332 249 2424 Linquit,
269 2345 304 2398 et
320 2334 355 2399 in
376 2330 495 2402 mediis
515 2331 728 2402 frondentem
744 2331 913 2402 Maenalon
935 2335 1032 2402 astris

88 2455 278 2546 Exsuperat
300 2475 434 2546 gressu,
452 2451 641 2546 saltumque
661 2452 703 2521 ad
721 2454 842 2524 moenia
862 2452 981 2524 Cadmi

88 2575 264 2660 Destinat,
284 2574 424 2642 interior
439 2572 514 2643 coeli
531 2599 599 2668 qua
617 2565 735 2643 semitsi
753 2572 843 2644 lucet

87 2695 152 2764 Dis
172 2709 323 2782 tantum,
342 2708 375 2764 et
394 2710 533 2764 cunctas
549 2697 647 2785 ¹junta
668 2695 759 2764 videt
778 2695 884 2765 ardua
905 2711 1023 2766 terras.

86 2821 231 2909 Jamque
245 2814 315 2884 fere
335 2813 483 2884 medium
500 2818 656 2885 Parnassi
670 2815 815 2886 frondea
833 2833 956 2912 praeter

87 2937 188 3010 Colla
208 2937 343 3006 tenebat
358 2937 437 3023 iter,
456 2960 561 3029 quum
578 2935 716 3006 fratrem
734 2938 769 3004 in
789 2937 879 3006 nube
893 2961 1034 3006 corusca
1124 2947 1130 2962 “

90 3057 243 3152 Adspicit
263 3056 354 3126 haud
370 3054 506 3146 solitum
528 3058 612 3126 visu.
636 3057 822 3126 Remeabat
837 3058 879 3125 ab
898 3059 1000 3125 armis

88 3184 231 3249 Moestus
251 3177 443 3261 Echioniis,
462 3176 603 3246 demersi
622 3176 742 3246 funera
761 3177 879 3273 lugens

90 3302 249 3397 Auguris.
271 3299 424 3369 irrubuit
440 3295 515 3368 coeti
534 3296 634 3392 plaga
654 3298 763 3367 sidere
781 3301 902 3386 mixto,

87 3427 311 3513 Occursuque
329 3443 424 3492 sacro
441 3419 568 3513 pariter
582 3418 685 3510 jubar
700 3419 782 3487 arsit
798 3419 986 3513 utrimque,

89 3547 136 3611 Et
155 3539 266 3610 coiere
285 3565 403 3626 arcus,
420 3554 454 3609 et
472 3538 677 3634 respondere
693 3539 869 3632 pharetrae.

141 3661 203 3732 Ille
220 3665 315 3757 prior
328 3687 336 3730 t
348 3689 364 3726 a
377 3662 472 3747 Scio,
487 3659 710 3748 Labdacidas,
728 3683 907 3756 germana,
926 3661 1101 3750 cohortes,

89 3791 135 3857 Et
153 3787 296 3854 nimium
314 3785 418 3854 fortes
434 3808 553 3854 ausum
570 3786 655 3878 petis
671 3784 802 3856 Arcada
819 3811 962 3882 pugnas.

91 3907 176 3978 Fida
190 3921 288 4002 rogat
307 3906 452 4001 genitrix
468 3931 476 3974 τ
492 3908 621 3975 utinam
640 3904 815 4000 indulgere
829 3909 980 4003 precanti

91 4035 174 4100 Fata
194 4025 329 4098 darent!
349 4053 392 4096 en
413 4029 485 4123 ipse
503 4027 587 4114 mei,
606 4025 732 4122 pudet,
750 4029 865 4098 irritus
884 4053 978 4100 arma

90 4151 257 4240 Cultoris,
274 4148 478 4242 frondesque
495 4171 624 4236 sacras,
641 4148 685 4215 ad
702 4149 815 4218 inania
830 4149 899 4220 vidi

949 4293 1003 4344 Ιῐ.
