3094 5140
111 475 234 540 (tos.)
410 465 648 552 ,nummos
670 463 782 526 nunt
804 465 842 526 x.
1062 429 1067 440 ’
1117 469 1173 530 ,03

110 609 273 698 Increpet
292 599 420 671 Aonios
441 597 550 668 audax
566 591 721 667 Tritonia
738 593 855 668 Diro'e.

110 729 282 796 lunonem
303 723 441 792 totitem
457 717 642 789 furibunde
663 711 797 794 silentia
816 735 986 814 torquent.

165 847 246 917 Non
262 859 376 914 tumen
392 842 463 911 horo
479 840 619 910 turbant
639 862 757 935 pacem
773 842 866 910 lovis
885 865 894 910 ε
916 857 995 912 ecoe
1014 845 1174 938 quierunt

110 969 249 1063 turgis,
267 979 373 1060 quum
389 959 507 1032 mediis
527 963 704 1056 Capaneus
722 961 912 1036 auditorio
927 965 1035 1034 nstris.

111 1119 131 1155 α
146 1087 292 1161 Nullane
312 1111 376 1182 pro
389 1083 544 1179 trepidis,
566 1081 750 1171 clamabat,
769 1085 910 1156 nomint
926 1077 1051 1158 Thebis

112 1209 241 1282 Statisi
260 1207 318 1277 ubi
335 1205 480 1282 infande
496 1228 612 1300 segnes
630 1203 761 1275 telluris
775 1205 924 1294 alumni,

114 1329 267 1418 Bacchus
285 1343 320 1398 et
334 1326 490 1399 Alcides?
509 1327 601 1422 piget
620 1317 780 1422 instigare
798 1328 955 1398 minoret.

111 1455 168 1521 Tu
185 1452 296 1546 potius
311 1449 430 1521 venies
448 1448 546 1544 (quie
563 1449 653 1517 enim
670 1467 873 1522 concurrere
889 1449 986 1519 nobis

112 1569 505 1668 Dignior?)=enoineres
523 1567 741 1662 Semelenque
756 1567 855 1639 busto
871 1583 1037 1640 tenentur.

114 1695 219 1764 Nune
241 1717 324 1788 age,
344 1711 437 1768 nuno
455 1693 535 1760 totis
555 1693 589 1758 in
611 1710 665 1759 me
685 1691 858 1760 connitere
879 1689 1043 1780 flammis,

111 1815 296 1910 Juppiter:
318 1835 361 1882 en
382 1810 520 1906 pavidus
539 1811 667 1880 tonitru
689 1811 826 1882 turbere
844 1810 972 1907 puellos

113 1935 266 2021 Fortior,
288 1948 323 2003 et
338 1934 445 2003 soceri
466 1931 632 2002 thalamos
649 1930 845 2002 exscindere
864 1933 983 2004 Cadmi
995 1933 1041 2004 i»
1181 1915 1183 1919 ’

163 2055 334 2150 ingemuit
353 2053 452 2124 dictis
469 2057 638 2148 Superum
660 2052 759 2123 dolor
778 2069 787 2122 ἐ
806 2048 878 2148 ipse
896 2053 1064 2124 furentem

112 2175 216 2264 Risit,
232 2191 265 2246 et
286 2177 420 2245 incussa
441 2189 632 2245 moerorum
652 2173 741 2245 mole
759 2195 951 2260 comarum,

111 2328 132 2362 α
144 2299 307 2388 Quaenam
319 2321 395 2392 spes
406 2298 582 2366 hominurn
599 2296 736 2366 tumtun
752 2311 829 2391 post
841 2296 960 2393 proeiia
975 2296 1151 2394 Phlegrae?

112 2420 212 2488 Tune
224 2421 324 2490 etiem
338 2417 529 2489 feriendus?
538 2451 555 2484 o
571 2419 618 2488 ait
632 2444 640 2489 :
656 2419 779 2514 premit
792 2417 942 2514 undique
957 2419 1084 2490 lentum

112 2539 229 2610 Turba
247 2543 359 2610 Deum
375 2531 550 2627 mendene,
571 2554 605 2610 et
621 2537 688 2610 tela
708 2538 842 2610 ultricia
860 2537 989 2636 poscit
1050 2577 1052 2582 v

113 2663 187 2732 Nec
199 2663 270 2756 jam
288 2660 392 2731 nudet
410 2660 487 2730 fatis
506 2659 642 2731 turbata
657 2661 821 2732 obsistere
840 2663 976 2756 conjux.

113 2785 192 2876 Ipse
207 2781 286 2852 doto
305 2780 457 2852 noodu‘m
474 2779 616 2852 coelestis
632 2783 724 2878 regia
741 2784 839 2878 signo

113 2883 247 2998 Sponte
261 2917 374 2992 tonet,
394 2917 519 2973 coeunt
537 2905 618 2997 ipeae
636 2904 709 2973 eine
727 2903 863 2974 flumine
881 2905 1006 2992 nubes,

112 3027 377 3119 Accurruntque
397 3024 530 3094 imbres.
553 3023 685 3119 Stygios
704 3026 834 3119 rupisse
852 3041 989 3096 catenas

112 3148 286 3241 Iapetum,
305 3161 366 3216 nut
384 3146 508 3214 victum
528 3169 650 3240 supera
669 3145 711 3215 ed
733 3170 884 3216 convexo
904 3144 1007 3215 levari

93 3243 298 3355 'Inarimen,
320 3269 495 3337 AEtnamve
513 3283 610 3361 putes
633 3293 641 3338 τ
662 3267 768 3364 pudet
787 3269 859 3338 iste
873 3271 989 3348 timere

113 3387 289 3458 Coelicolos
303 3415 312 3457 τ
328 3386 387 3458 sed
407 3413 513 3482 quum
529 3389 564 3457 in
582 3387 691 3458 medin
709 3389 875 3484 vertigine
895 3389 1014 3460 mundi

115 3511 213 3580 Stare
224 3511 352 3598 virum,
368 3511 568 3604 insanasque
579 3508 694 3580 vident
714 3508 894 3604 deposcere
905 3535 1052 3607 pugnes,

112 3631 285 3700 Mirantur
302 3631 413 3718 taciti,
435 3645 469 3700 et
489 3629 592 3700 dubio
614 3655 679 3726 pro
697 3629 840 3702 fulmine
858 3631 1017 3727 pendent.

164 3753 320 3846 Coeperat
338 3753 477 3847 Ogygiae
497 3777 599 3847 supro
616 3751 748 3848 fastigia
768 3755 872 3824 turris

113 3874 284 3942 Arcanum
302 3874 432 3968 mugire
450 3872 566 3968 polus,
586 3873 776 3968 coelumque
791 3876 938 3945 tenebris

113 3991 248 4062 Auferri
264 4017 272 4062 τ
291 4007 382 4064 tenet
398 3992 455 4064 ille
470 4010 599 4081 temen,
614 4019 698 4089 quas
713 4019 782 4064 non
796 3995 907 4084 videt,
921 4021 1031 4078 arces,

113 4117 139 4181 F
141 4111 328 4207 ulguraque
347 4116 471 4184 attritis
489 4116 621 4209 quoties
640 4117 787 4188 micuere
801 4115 975 4213 procellis,
