3192 5148
176 532 761 571 amm-:2:22

351 843 353 852 =
373 789 451 878 DE
473 788 520 876 P.
543 786 791 878 PAPINIO
810 788 1029 884 STATIO

262 1055 586 1164 NOTITIA
625 1057 1127 1170 LITTERARIA.

670 1629 723 1693 §t
782 1654 787 1664 ·

616 1823 778 1894 vluit

215 2055 257 2120 P.
277 2052 449 2148 Papinius
468 2052 602 2123 Statius
620 2067 752 2147 patrem
773 2052 894 2122 habuit
916 2056 1172 2147 grammaticum
1190 2073 1222 2128 et

165 2189 298 2270 poetam
322 2171 585 2269 Neapolitanum
594 2169 638 2262 **,
657 2198 758 2268 quem
780 2171 866 2243 luxit
883 2189 1057 2244 mortuum
1083 2178 1118 2245 in
1139 2181 1221 2272 Epi·

164 2293 259 2363 cedio
280 2295 473 2389 superstite,
494 2293 594 2378 Situ,
623 2318 663 2382 v,
684 2291 717 2364 3.
736 2297 813 2390 lpse
837 2308 936 2363 natus
963 2293 1107 2390 Neapoli
1131 2288 1222 2366 anuo

164 2439 197 2510 p.
224 2415 305 2484 Chr.
327 2439 361 2483 n.
388 2411 431 2483 61
460 2409 554 2510 [ante
574 2439 723 2484 mensem
742 2413 882 2508 julium,
907 2413 1002 2484 addit
1021 2413 1221 2514 Dodwell.],

164 2535 323 2604 educatus
341 2549 391 2604 est
412 2537 527 2642 Romu
544 2541 586 2603 'ao
603 2549 735 2605 mature
754 2535 892 2628 ingenio
910 2536 1064 2636 poetico,
1083 2560 1221 2629 praeser-

165 2657 224 2725 tim
247 2657 400 2726 versibus
426 2681 473 2725 cir
492 2656 630 2750 ingenio
655 2654 852 2744 fundendis,
878 2653 1046 2725 inclaruit.
1073 2659 1220 2726 Uxorem

201 2881 216 2908 *
232 2885 277 2940 De
289 2882 350 2940 vita
362 2881 445 2940 statii
461 2901 649 2959 quaecumque
666 2883 734 2940 sciri
746 2893 886 2958 possunt,
901 2881 1019 2958 copiose
1040 2883 1174 2955 exposuit
1190 2883 1222 2939 in

162 2993 311 3051 mosque
325 2975 443 3051 digessit
455 2978 612 3034 Hernicus
625 2978 794 3048 Donwnuu,
808 2975 839 3032 in
855 2975 932 3042 libro
948 2995 955 3030 τ
970 2977 1102 3031 Annales
1120 2976 1220 3032 Velle-

161 3071 239 3134 lani,
261 3077 334 3141 ctu,
348 3063 474 3141 Oxonii,
497 3067 590 3145 1698,
602 3088 633 3144 p.
655 3069 796 3145 193-306.
816 3071 888 3140 Quae
902 3067 971 3143 quia
984 3066 1136 3123 maximam
1149 3087 1222 3143 pur·

163 3173 219 3218 tem
228 3180 266 3217 ex
278 3161 362 3217 Silvis
369 3160 485 3232 hausta,
492 3161 682 3218 Marklaudus
691 3161 788 3236 aliqua
800 3161 904 3217 melius
912 3159 1108 3218 constituendi
1121 3172 1221 3219 nactus

162 3265 205 3312 est
218 3254 407 3312 occasionem.
427 3256 520 3310 Pauca
534 3254 598 3326 illa,
616 3271 681 3330 que
701 3249 1012 3311 extra‘dubitutionem
1030 3254 1125 3328 positu
1138 3266 1221 3327 sunt,

162 3347 288 3404 breviter
304 3345 434 3403 narravit
451 3348 487 3402 G.
502 3347 534 3403 E.
556 3350 724 3418 Wnunus,
740 3347 772 3403 iu
787 3347 909 3422 Corpore
924 3357 1003 3422 poet.
1018 3349 1069 3401 lat.
1078 3385 1088 3413 ,
1102 3366 1131 3420 p.
1152 3367 1220 3419 mv,

163 3439 246 3514 cujus
264 3440 352 3496 verba
369 3449 482 3495 'mutua
505 3439 673 3511 sumsimus,
696 3439 814 3497 mutetis
839 3439 1014 3516 quibusdam
1038 3449 1067 3496 et
1092 3439 1219 3513 adjectis.

162 3532 234 3588 Vitae
249 3531 399 3603 Statianae,
413 3551 478 3608 quae
491 3532 522 3586 in
535 3533 621 3588 codd.
637 3543 745 3604 exstat,
759 3544 862 3588 auctor
875 3531 997 3589 Statium
1010 3542 1142 3587 nostrum
1157 3535 1220 3589 To·

161 3626 300 3681 losemem
314 3623 386 3680 dicit
400 3634 430 3680 et
445 3625 608 3696 Surculum,
622 3625 695 3696 sive,
709 3635 744 3681 ut
757 3625 823 3681 cod.
839 3625 944 3695 Paris,
961 3625 1122 3694 Sursulum,
1136 3627 1223 3700 quasi

161 3737 272 3775 sursum
293 3729 452 3774 canentem.
473 3705 618 3774 Niiuirum
634 3718 813 3792 permutavit
831 3727 949 3792 poetam
965 3735 1032 3772 cum
1048 3717 1166 3774 rhetore
1187 3721 1219 3774 L.

163 3813 251 3868 Statio
267 3813 386 3880 Ursulo,
400 3811 501 3885 paullo
515 3810 696 3886 antiquiore,
710 3811 748 3867 de
762 3829 824 3885 quo
836 3810 904 3866 vide
917 3808 1043 3866 Fabricii
1055 3809 1130 3864 Blbl.
1149 3813 1200 3866 lut.
1207 3852 1218 3878 ‚
1295 3855 1296 3862 ,

162 3925 202 3976 u,
218 3925 243 3962 c.
265 3905 320 3975 16,
333 3915 397 3982 not,
403 3923 443 3984 v1,
458 3905 509 3960 ubi
524 3905 610 3961 etiam
624 3904 661 3960 de
674 3903 736 3960 aliis
752 3904 862 3960 Statiis.
884 3890 886 3898 γ

200 3999 229 4027 **
244 3997 331 4054 Veliae
344 3995 462 4070 quidem
476 4007 576 4054 nutum
592 4016 670 4054 anno
683 3997 742 4054 lere
755 4015 793 4054 no
806 4017 836 4071 p.
855 3997 922 4054 Chr.
936 4015 979 4067 n.,
994 3995 1046 4053 scd
1057 4005 1125 4071 post
1137 3997 1217 4051 Nea-

160 4090 220 4162 poli
240 4089 484 4164 degentem,*ubi
501 4110 526 4148 a.
549 4093 586 4166 39
601 4091 729 4148 scholam
744 4099 903 4164 aperuerat.
920 4089 995 4145 Vide
1008 4098 1113 4163 praeter
1130 4089 1212 4144 Don-

160 4202 271 4254 um„
285 4184 356 4240 Not.
371 4182 408 4240 ud
431 4183 517 4253 Situ,
532 4203 568 4257 v,
590 4186 621 4256 3,
642 4202 706 4256 ¹²7·

1084 4297 1094 4328 Ι
