3200 5142
414 464 471 521 aas
716 463 933 521 TflEbleOS
954 463 1069 520 slusa
1092 462 1144 518 111.
1348 463 1380 523 (v.
1393 463 1458 522 ⁵6³·l

413 590 507 659 Scire
525 587 617 657 nobs
635 587 783 676 homini;
802 613 863 657 nos
882 611 1023 682 pravum
1041 611 1081 657 ao
1101 583 1210 655 debile
1228 583 1347 681 vulgus

411 709 559 779 &tutati
580 709 716 803 penitus
731 711 878 803 Superos
896 733 905 776 ε
927 707 1009 776 hino
1029 703 1138 802 pallor
1154 720 1189 776 et
1205 707 1262 774 ire

412 831 500 900 Hinc
517 826 640 917 scelus,
660 822 871 920 insidiasque,
889 841 922 896 et
936 825 1035 897 nulla
1052 825 1218 896 modestia
1234 827 1313 896 voti.

459 953 549 1045 Ergo
565 973 671 1018 manu
688 949 804 1038 vittas,
818 947 1042 1043 damnatmne
1062 947 1186 1016 uertioe
1203 961 1293 1018 serta

409 1071 559 1166 Deripit,
581 1069 778 1162 abjectaque
794 1063 981 1138 inhonorus
996 1065 1116 1139 fronde
1133 1065 1287 1138 sacerdos

408 1192 522 1261 Inviso
539 1190 581 1259 de
601 1203 717 1259 moute
740 1187 830 1257 redit
846 1212 855 1257 ε
871 1188 941 1282 jam
956 1162 1045 1256 bella
1063 1186 1217 1281 tubeque

408 1313 591 1398 Cominus,
611 1310 830 1402 absentesque
849 1307 1001 1378 fremunt
1018 1307 1081 1378 sub
1100 1322 1237 1403 pectore
1253 1306 1384 1378 Thebae.

406 1431 468 1500 Ille
487 1457 548 1502 nec
567 1431 764 1526 adspectum
781 1428 893 1526 vulgi,
913 1455 975 1502 nec
994 1429 1062 1500 lida
1081 1429 1216 1524 tyranni

407 1550 604 1646 Colloquia,
621 1565 681 1620 aut
697 1565 803 1621 costus
820 1575 1001 1647 procerum
1018 1550 1184 1646 perferre,
1205 1548 1264 1620 sed
1281 1563 1356 1618 atra

406 1670 490 1740 Sede
506 1673 593 1766 tegi,
612 1685 646 1740 et
666 1671 833 1765 Superum
849 1670 983 1742 clausus
1004 1686 1105 1767 negat
1121 1686 1197 1742 acta
1216 1670 1323 1740 fateri.

404 1795 452 1860 Te
471 1791 583 1886 pudor
602 1805 635 1861 ot
654 1815 743 1862 curas
761 1793 909 1863 retinent
929 1818 991 1889 per
1009 1819 1105 1881 rura,
1127 1793 1310 1888 Melampu.

455 1915 593 1983 Bisseno
611 1913 736 2008 premit
754 1939 816 1984 ora
833 1913 903 2000 die,
923 1913 1154 2010 populumque
1168 1914 1337 2008 ducesque

404 2029 562 2122 Extrahit
577 2034 723 2104 incertis.
744 2037 789 2104 Et
806 2033 877 2129 jam
897 2059 1055 2128 suprema
1073 2035 1237 2106 Tonantis
1367 2041 1369 2047 '

246 2179 255 2192 ·
405 2157 503 2225 Jussa
519 2154 682 2244 fremunt,
703 2177 870 2248 agrosque
887 2155 984 2242 viris,
999 2180 1193 2252 annosaque
1210 2169 1346 2226 vastant

404 2275 565 2370 Oppida:
582 2271 781 2369 bellipotens
799 2287 918 2370 praese
933 2278 1027 2346 Deus
1046 2276 1182 2371 agmina
1200 2276 1324 2370 passim

402 2393 499 2465 Mille
514 2396 605 2489 rapit
621 2419 630 2464 τ
647 2393 775 2490 liquere
794 2395 927 2483 domos,
944 2394 1135 2490 dilectaque
1148 2394 1215 2468 laeti

403 2516 600 2600 Connubia,
615 2529 651 2584 et
666 2516 781 2609 primo
796 2514 1104 2612 ploranteslimine
1120 2532 1227 2590 natos.

399 2637 530 2705 Tantus
545 2635 582 2704 in
595 2635 760 2704 attonitos
777 2635 899 2708 cecidit
917 2635 1011 2708 Deus
1030 2661 1147 2709 :mma
1165 2639 1315 2732 paternis

398 2753 574 2842 Postibus,
590 2769 623 2824 et
642 2753 728 2824 fixos
747 2757 918 2851 Superum
938 2756 981 2827 ad
999 2756 1186 2854 penetralia
1199 2783 1320 2830 currus

397 2873 532 2963 Vellere
547 2899 643 2946 amor
660 2901 669 2946 τ
687 2891 770 2948 tunc
783 2875 870 2948 sessa
883 2880 976 2975 putri
994 2877 1150 2974 rubigine
1169 2879 1252 2970 tela,

397 2999 649 3091 Horrontesque
667 2999 735 3070 situ
754 2996 884 3095 gladios
901 3000 937 3069 in
952 3025 1037 3072 aava
1053 3016 1232 3072 recurvant

399 3115 563 3205 Vulnera,
583 3132 618 3187 et
635 3120 753 3188 attrito
771 3135 900 3215 cogunt
913 3123 1129 3216 juvenescere
1145 3146 1235 3192 saxo.

397 3239 441 3307 lli
459 3251 582 3308 teretes
601 3236 734 3332 galeas,
753 3263 1024 3335 magnorumque
1039 3265 1126 3312 terea
1143 3255 1219 3314 suta
1318 3247 1322 3254 '

394 3357 603 3444 Thoracum,
621 3372 657 3426 et
674 3359 806 3428 amicas
826 3359 1005 3456 chalybum
1025 3359 1181 3457 squalore
1199 3379 1376 3488 osqsantes

393 3480 589 3550 Pectoribus
604 3493 757 3569 tentare3
775 3479 833 3551 alii
852 3483 1022 3578 Gortynia
1039 3482 1170 3554 lentam

395 3601 533 3670 Cornua
548 3624 558 3668 ε
572 3600 645 3694 jam
664 3597 765 3670 falces
781 3600 890 3672 avidis
903 3617 939 3672 et
955 3616 1069 3674 matra
1084 3606 1244 3698 ominis,

394 3723 596 3814 Rostraque,
616 3734 650 3788 et
669 3720 802 3792 incurvi
822 3743 946 3792 urum
967 3725 1111 3796 nbuere
1132 3725 1280 3822 ligones:

394 3838 529 3911 Cedere
544 3865 608 3911 nec
623 3839 751 3914 validas
768 3844 893 3919 sanctis
907 3867 928 3914 e
942 3845 1103 3942 stirpibus
1120 3847 1256 3934 hastas,

393 3961 465 4032 Neo
484 3957 596 4056 pudor
614 3964 754 4033 esnerito
772 3961 926 4060 elypeum
947 3967 1084 4040 vestisse
1102 3968 1258 4061 juvenco.

402 4145 408 4156 .
440 4083 598 4177 irrupere
614 4085 741 4180 Argos,
760 4086 937 4180 moestique
954 4087 998 4158 ad
1015 4087 1132 4158 limina
1155 4089 1242 4184 regis
