3094 5140
360 408 417 464 216
665 403 879 462 Tttuuuuos
900 403 1013 462 uuna
1035 405 1086 460 tu.
1311 403 1434 468 (mas.)

359 537 502 620 Ductor,
521 530 613 601 etad
631 529 732 601 lituos
750 529 910 618 hilam,
928 529 1165 626 trepidumque
1182 529 1359 600 tubarum
1418 535 1422 540 “

359 653 590 750 Prospiciebat
605 677 750 748 equum;
772 652 883 723 subito
904 677 1009 747 quum
1028 653 1187 746 apparuit
1206 653 1337 747 ingens

359 777 481 862 Mater,
501 790 534 845 et
551 776 623 870 ipsc
638 772 999 868 metu,·famulumque
1019 770 1180 868 expalluit
1199 776 1318 842 omnis

358 898 491 985 Coetus,
507 910 541 967 et
556 894 702 967 oblatam
722 909 813 966 retro
834 893 927 965 dedit
944 896 1090 998 armiger
1106 895 1251 964 hastam.

409 1018 530 1106 «Quis
549 1017 666 1088 furor?
684 1016 773 1087 unde
792 1018 913 1088 iterum
932 1017 1027 1113 regni
1047 1018 1214 1112 integrata
1235 1019 1395 1112 testu-git
1458 995 1462 1000 Ι

359 1139 539 1210 Eumenis?
555 1140 619 1234 ipsi
635 1141 735 1210 etiam
753 1155 830 1236 post
846 1141 977 1228 omnia,
996 1140 1150 1212 corninus
1169 1141 1234 1235 ipsi
1260 1175 1270 1195 v

359 1258 519 1330 Stabitis?
539 1285 644 1354 usque
662 1260 746 1334 adeo
768 1262 920 1356 geminas
935 1261 1068 1332 duxisse
1083 1262 1258 1346 cobortes,

358 1384 403 1450 Et
423 1380 553 1451 facinus
574 1382 748 1453 mandasse
768 1409 890 1479 parum
910 1382 983 1452 est?
1001 1407 1070 1477 quo
1090 1381 1211 1452 deinde
1228 1359 1368 1451 redibit

359 1501 503 1572 Victor?
521 1504 556 1572 in
575 1504 682 1574 hosne
703 1505 821 1575 sinus?
840 1530 862 1575 o
881 1503 946 1573 diri
964 1506 1117 1599 conjugis
1135 1502 1218 1573 olim

358 1622 483 1694 Felices
502 1621 666 1698 tenebrae!
688 1625 792 1715 datis,
808 1625 963 1719 improba
984 1622 1132 1714 lumina,
1152 1649 1281 1720 poenus.
1329 1640 1335 1648 ’

359 1748 437 1814 Hac
458 1744 640 1839 spectanda
661 1743 754 1815 dies?
774 1771 862 1841 quo,
882 1770 985 1834 saeve,
1005 1746 1169 1836 minantia
1186 1744 1295 1815 flectis

360 1863 454 1936 Ora?
472 1864 554 1958 quid
570 1864 718 1940 alternos
738 1863 852 1968 vultus
871 1864 1046 1960 pallorque
1066 1865 1237 1961 ruborque

359 1987 498 2056 Mutat?
518 2002 553 2057 et
572 1988 687 2057 obnixi
709 1986 870 2084 frangunt
887 1986 976 2058 mala
992 2013 1167 2058 murmura
1186 1982 1328 2058 dentes?
1396 2021 1400 2026 ·

360 2109 419 2177 Me
433 2109 586 2178 miseram
603 2106 731 2180 vinces!
747 2111 842 2204 prius
859 2110 930 2179 haec
941 2126 1060 2180 tamen
1079 2131 1174 2180 arma
1188 2135 1327 2180 necesse
1343 2127 1400 2180 est

359 2231 541 2325 Experiarc
560 2228 653 2298 domi
669 2257 677 2300 :
693 2232 788 2300 stabo
806 2233 876 2326 ipsa
899 2232 934 2300 in
953 2228 1068 2300 limine
1086 2247 1192 2326 portae

359 2352 557 2444 Auspicium
577 2349 712 2438 infelix,
728 2350 957 2447 scelerumque
978 2331 1134 2424 immanis
1152 2355 1274 2450 imago.

360 2479 440 2544 Haec
458 2475 520 2543 tibi
541 2473 698 2562 canities,
717 2473 788 2546 hac
809 2490 888 2544 sunt
908 2473 1087 2558 calcanda,
1107 2474 1268 2560 nefande,

361 2596 496 2684 Ubera,
512 2619 639 2690 perque
658 2609 791 2665 uterum
810 2596 942 2690 sonipes
960 2596 1147 2667 hicmatris
1166 2595 1328 2690 agendus.

362 2720 492 2787 Parce:
512 2713 593 2810 quid
613 2717 802 2812 oppositam
820 2714 941 2811 capulo
961 2741 1143 2811 parmaque
1160 2714 1320 2812 repellis?
1370 2797 1372 2800 ¹

362 2839 441 2908 Non
461 2863 524 2932 ego
543 2853 576 2906 te
595 2852 713 2907 contra
730 2839 852 2932 Stygiis
873 2836 985 2906 ler'alio
1005 2840 1100 2908 sanxi

361 2962 450 3028 Vota
470 2959 572 3045 Deis,
592 2983 680 3027 caeco
700 2983 762 3028 nec
780 2959 945 3054 Erinnyas
964 2984 1023 3029 one
1043 2963 1169 3056 rogavi.

361 3079 492 3150 Exaudi
513 3081 695 3150 miseram:
714 3082 862 3175 genitrix
882 3096 932 3168 te,
944 3085 1054 3171 'soeve,
1075 3099 1240 3177 precatur,

361 3203 441 3271 Non
460 3214 577 3295 pater:
594 3199 680 3270 adde
697 3225 827 3270 moram
844 3199 979 3290 sceleri,
994 3217 1027 3272 et
1044 3205 1179 3292 metire,
1192 3203 1284 3297 quod
1298 3204 1419 3276 audes.

362 3321 428 3392 Sed
447 3320 560 3419 pulsat
576 3337 959 3418 muros'germanus‚et
980 3325 1085 3419 impia
1102 3341 1218 3395 contra
1389 3325 1393 3330 ’

362 3442 453 3515 Bella
471 3443 558 3514 ciet?
575 3467 645 3513 non
665 3459 772 3514 mater
787 3445 896 3534 enim,
915 3471 984 3515 non
1000 3446 1111 3517 obstat
1127 3449 1220 3517 eunti

362 3563 441 3634 Ulla
458 3589 577 3635 soror:
597 3578 629 3633 te
644 3580 768 3634 cuncta
782 3579 926 3660 rogant,
940 3566 996 3636 hic
1014 3567 1205 3663 plangimus
1220 3592 1348 3638 omnes.

364 3690 426 3756 Ast
444 3686 490 3756 ibi
509 3689 565 3756 vix
585 3711 674 3756 unus
693 3711 825 3783 pugnas
843 3687 1012 3758 dissuadet
1029 3689 1213 3777 Adrastus,
1250 3711 1254 3718 ’
1311 3715 1314 3720 ·

362 3810 431 3878 llut
449 3807 590 3878 sortasse
607 3807 706 3902 jubet
722 3834 733 3876 ε-
748 3823 785 3878 tu
807 3805 1032 3878 limina'avita
1049 3813 1214 3906 Deosque·

363 3928 522 4023 Linquis,
540 3943 573 3998 et
591 3954 611 3998 a
629 3930 752 3998 nostris
768 3931 804 4002 in
825 3928 963 4000 fratrem
979 3930 1188 4026 amplexibus
1204 3934 1292 4004 exis?
1305 3965 1322 3998 n

412 4059 456 4120 At
476 4065 571 4145 parte
590 4075 630 4119 ex
651 4048 716 4119 alia
737 4052 855 4122 tacitos
876 4051 1030 4122 obstante
1050 4053 1196 4125 tumultu
1214 4083 1217 4090 ·
