3200 5142
396 451 452 508 ada
769 449 1068 505 ADNOTATIONES

435 565 558 620 hardus
572 558 609 642 (a.
629 559 704 641 saul
726 565 820 620 «Nou
833 564 980 620 inamabili
1000 563 1089 635 lucie,
1103 575 1136 620 ut
1155 577 1365 640 nonnunqum
1380 587 1438 624 urn-

395 659 463 714 brae.
478 679 494 708 n
508 659 657 727 Gronov„
670 673 700 729 p.
719 654 783 712 125.

438 751 517 806 Solet
533 750 587 805 Aac
596 760 699 823 patere
713 751 799 805 tritten
812 747 851 827 (v.
869 767 924 805 raa
939 747 1027 827 sqq.).
1051 751 1085 806 ln
1099 751 1194 806 animo
1214 751 1303 820 habet
1314 751 1362 806 hic
1375 764 1403 807 et
1415 753 1441 808 in

396 861 476 918 seqq.
490 841 643 917 aliquoties
659 841 821 898 motarum
838 851 868 898 et
881 841 1031 898 Protesilai
1043 842 1206 914 historiam,
1224 841 1255 897 in
1275 862 1334 917 qua
1352 844 1440 920 Hygi-

394 954 464 1006 nus,
476 934 548 989 Fab.
561 939 634 1005 roi,
648 934 724 989 iuter
743 934 799 991 alia
811 935 872 990 hec
890 934 990 990 scribit
1004 953 1011 990 ε
1027 957 1039 986 s
1053 936 1155 1009 ltaque
1175 934 1243 990 fecit
1264 934 1442 992 simulacrum

397 1046 512 1084 cereum
525 1026 614 1083 simile
627 1027 776 1084 Protesilai
789 1025 937 1103 conjugis,
953 1037 981 1082 et
994 1025 1025 1082 in
1039 1025 1169 1083 thalamis
1181 1025 1279 1102 posuit
1292 1029 1346 1082 sub
1359 1031 1443 1084 simu-
1458 1085 1462 1095 ,

395 1121 503 1176 lotione
525 1138 669 1174 sucronem
690 1129 719 1175 et
733 1138 799 1175 eum
819 1121 915 1175 colere
928 1119 1046 1193 coepit.»
1060 1119 1151 1176 Addit
1176 1121 1323 1191 Gronov„
1337 1139 1368 1194 p.
1399 1119 1445 1190 43,

395 1210 564 1285 Apuleium,
578 1211 697 1266 Metam.
710 1217 767 1266 v'm
781 1208 825 1288 [p.
841 1217 914 1282 nol,
927 1209 1069 1288 Elmeub]
1084 1231 1090 1266 :
1105 1235 1118 1261 ι
1132 1211 1200 1266 Dies
1217 1221 1295 1267 totos
1315 1221 1444 1287 tutasque

394 1313 495 1360 noctes
504 1303 666 1360 insumebat
678 1305 811 1360 luctuoso
826 1301 985 1374 desiderio,
998 1315 1027 1358 et
1036 1303 1188 1380 imaginem
1202 1303 1345 1375 defuncti,
1361 1321 1445 1378 m

394 1395 433 1452 ad
445 1395 576 1452 habitum
595 1395 642 1452 dei
655 1395 753 1452 Liberi
766 1397 920 1468 formarat,
934 1393 1023 1454 affixo
1043 1396 1159 1452 servitio
1178 1395 1281 1453 divinis
1299 1399 1446 1470 percolens

394 1489 570 1560 honoribus,
583 1489 648 1563 ipso
663 1505 722 1545 sese
736 1488 838 1546 solatio
857 1488 1014 1544 cruciabat.
1030 1509 1044 1538 s
1058 1489 1143 1546 Plura
1157 1488 1187 1542 in
1201 1489 1275 1545 banc
1287 1505 1351 1545 rem
1369 1493 1445 1546 Gro-

395 1598 480 1652 nov.,
494 1581 513 1636 1.
527 1599 553 1636 e.
574 1584 642 1650 Quo
662 1591 781 1636 auctore
800 1580 998 1638 reducendum
1012 1579 1096 1636 etiam
1119 1591 1180 1637 erat
1200 1598 1228 1637 v.
1246 1580 1301 1636 rui
1323 1599 1360 1638 ex
1381 1591 1446 1636 vett

396 1671 462 1729 edd.
479 1670 564 1748 (adde
577 1673 662 1729 codd.
677 1673 765 1729 Paris.
780 1681 809 1730 et
822 1670 957 1750 nheug.)
963 1673 1082 1748 figum,
1097 1674 1170 1744 abl,
1183 1691 1240 1746 pro
1246 1673 1376 1748 figuras.

364 1833 368 1840 ,
436 1762 623 1842 Excubatque
637 1765 675 1842 (v.
694 1767 749 1822 130
758 1763 823 1843 sep).
831 1753 968 1822 Praeclara
983 1765 1019 1822 de
1031 1765 1076 1820 his
1089 1763 1202 1839 scripsit
1214 1761 1321 1837 Grau,
1335 1785 1360 1822 e.
1376 1783 1445 1836 run,

396 1874 413 1912 a
425 1874 455 1931 p.
474 1873 529 1912 tua
544 1877 625 1932 sqq„
640 1876 704 1933 que
717 1857 839 1935 legenda
854 1878 861 1913 ε
876 1857 942 1914 licet
954 1859 1015 1931 ipsa
1036 1858 1118 1914 Statii
1130 1859 1235 1930 verba,
1249 1858 1333 1914 aliter
1346 1875 1380 1914 ac
1394 1877 1446 1912 vo-

396 1949 596 2025 luerit,aecipi
609 1951 742 2008 debcant.
758 1952 805 2008 Sic
818 1951 895 2007 enim
910 1972 916 2005 :
931 1956 1032 2026 Apage
1044 1951 1103 2024 jam
1116 1951 1217 2006 mortis
1229 1952 1446 2026 cogitationem,

394 2042 496 2098 natalis
509 2041 570 2098 dies
583 2045 693 2100 Lucani
714 2055 771 2115 est,
786 2061 873 2118 quam
888 2044 1073 2099 celebramus.
1088 2042 1166 2098 Finis
1180 2043 1332 2116 carminis,
1346 2043 1447 2099 eodem

397 2135 583 2207 observante,
597 2137 634 2192 ab
648 2137 712 2212 ipso
725 2139 844 2193 Lucano
859 2146 1018 2210 sumptum,
1032 2151 1104 2206 vrrs,
1120 2153 1176 2206 707
1191 2151 1233 2208 sq.
1249 2155 1257 2190 ε

502 2273 569 2324 llere
580 2283 635 2324 veta
648 2275 766 2342 pupulos;
777 2275 893 2342 lacrymas
905 2275 1030 2340 luctusque
1045 2273 1159 2323 remitte:

500 2361 561 2408 Tam
571 2359 633 2408 mala
646 2359 755 2426 Pompeii
769 2375 841 2425 quem
853 2373 967 2426 prospera
981 2357 1086 2408 muudus
1099 2357 1192 2407 adoret.

780 2599 822 2653 ΙΝ
841 2599 991 2655 LIBRUM
1012 2599 1066 2652 111.

436 2776 591 2832 Errsrons.
611 2777 751 2832 Fideliter.
771 2776 843 2832 (lod.
862 2777 949 2832 Paris.
971 2777 1001 2830 in
1020 2793 1110 2850 marg.
1127 2797 1133 2830 :
1149 2801 1161 2826 «ι
1176 2775 1315 2832 ioelidter.
1328 2802 1341 2828 s

442 2868 550 2942 Quiete.
568 2871 640 2926 Pace
659 2868 760 2940 animi3
774 2869 811 2924 ci.
831 2871 983 2940 Gnarum,
1000 2885 1031 2946 p.
1057 2886 1121 2923 121.

439 2962 567 3017 Mettum.
586 2961 659 3018 eod.
677 2963 764 3020 Paris.
782 2972 812 3018 et
824 2963 870 3018 ed.
889 2981 934 3036 pr.
955 2981 963 3018 s
986 2961 1169 3018 «Novium

440 3055 613 3110 Potemmus.
628 3055 748 3126 Markl,
766 3066 800 3110 ut
814 3055 899 3110 codd.
917 3065 947 3110 et
963 3053 1031 3109 edd.
1051 3064 1118 3108 vett.
1141 3073 1178 3108 :e
1195 3063 1337 3127 potermn.
1357 3077 1370 3104 n

440 3147 500 3202 Ses't
510 3148 652 3221 quaudiu.
668 3171 681 3197 ι
696 3151 719 3204 1.
737 3167 764 3204 e.
784 3165 872 3222 quam
885 3165 946 3202 non
960 3147 1027 3218 diu3
1043 3163 1133 3221 quatu
1145 3147 1227 3202 lueri
1240 3157 1373 3220 tempure
1386 3167 1449 3204 car-

398 3259 464 3296 men
476 3240 549 3296 illud
567 3241 727 3315 scripserim
741 3261 748 3296 :
762 3260 816 3315 per
829 3241 971 3296 contraria
990 3241 1130 3315 loquitur,
1150 3251 1178 3296 et
1196 3241 1333 3296 Earinum
1352 3253 1449 3298 testem

398 3333 521 3389 advocat
536 3331 702 3388 temeritatis
715 3333 796 3390 istius
815 3333 913 3389 libelli.
930 3351 942 3384 s
964 3333 1084 3388 bisant..

439 3427 565 3482 ciues
588 3426 611 3480 1.
633 3426 766 3482 Parvoe...
788 3445 849 3482 aroe
869 3423 908 3504 (r.
926 3423 966 3502 9).
986 3429 1049 3483 «Ur
1065 3436 1233 3500 opponatur
1250 3427 1392 3482 maxim
1410 3427 1449 3480 illi

399 3535 463 3591 quse
477 3517 594 3574 Herculi
612 3535 691 3580 saera
712 3529 773 3574 erat
788 3537 795 3572 ε
808 3537 836 3574 v.
854 3519 918 3574 intt
937 3518 975 3574 ad
995 3517 1081 3575 Ovid.
1101 3520 1198 3584 Feret,
1223 3537 1251 3589 1,
1274 3516 1349 3588 581,
1366 3528 1394 3573 et
1413 3518 1450 3572 ad

398 3610 494 3684 Virg„
510 3611 637 3677 AEneid,
652 3628 725 3680 vm,
741 3629 807 3680 271.
827 3635 839 3660 n
856 3612 977 3666 Mauri..
992 3613 1085 3666 Versu
1098 3609 1219 3684 praeced.
1234 3611 1341 3666 reclusi
1352 3619 1394 3664 est
1407 3611 1450 3664 la-

399 3702 500 3773 te'utis3
515 3713 543 3758 et
556 3721 616 3777 seq.
634 3704 744 3778 agresti
762 3704 877 3760 Alcidoe
893 3703 1014 3760 fortasse
1027 3702 1210 3758 referendum
1225 3712 1268 3758 est
1287 3701 1325 3758 ad
1343 3704 1450 3757 Hereu-

399 3797 456 3850 lem
471 3794 614 3850 Rusticum
626 3796 672 3850 vel
687 3795 847 3860 Silvanum,
862 3795 969 3869 dequo
983 3794 1086 3851 Marltl.
1102 3794 1170 3850 citat
1182 3795 1299 3850 Salmas
1314 3793 1352 3848 ad
1361 3795 1446 3848 Lam-

398 3886 490 3960 prid,
505 3885 667 3954 commu,
689 3905 732 3942 ιο.
747 3887 892 3944 Videntur
913 3887 990 3943 enirn
1004 3888 1083 3942 hunc
1097 3885 1226 3944 statuisse
1239 3885 1270 3940 in
1287 3883 1402 3960 praediis
1417 3893 1450 3938 ut

400 3978 488 4034 deum
508 3997 698 4034 averruncum
711 3979 882 4052 praedonum
899 3991 928 4036 ct
941 3977 1152 4050 maleficorum,
1165 3988 1269 4052 utpote
1282 3977 1349 4036 Caci
1361 3977 1448 4034 intet-

400 4071 544 4128 lectorem.
