3156 5138
453 463 505 514 ¹7⁰
775 441 991 502 Tfltnamos
1012 443 1126 502 LIBER
1148 444 1170 497 1.
1395 441 1476 502 (ΜΒ-1

348 604 350 614 «
447 572 558 660 Quem
577 593 664 640 nova
682 572 804 642 maturi
823 572 1022 642 subeuntem
1040 593 1159 640 exorsa
1179 567 1326 665 parentis

448 693 623 762 AEternum
641 691 704 760 sibi
721 694 831 762 Roma
849 691 942 786 cupit
958 717 967 758 :
984 689 1061 760 licet
1080 691 1204 760 arctior
1220 713 1336 759 omnes

447 811 559 882 Limes
576 826 654 906 agat
672 807 805 900 stellas,
824 825 859 880 et
876 825 909 880 te
930 809 1029 906 plaga
1045 808 1157 880 lucida
1176 809 1248 880 eoeli

446 927 642 1022 Pleiadum,
661 933 862 1026 Boreaeque,
883 945 916 1000 et
935 928 1038 999 hiulci
1059 928 1207 1000 fulminis
1220 955 1343 1024 expers

446 1052 630 1139 Sollicitet;
650 1052 726 1124 licet
743 1051 937 1148 ignipedum
957 1050 1288 1144 frenatorequorum

444 1177 521 1268 Ipse
541 1175 607 1245 tuis
626 1172 692 1243 alte
713 1171 899 1244 radiantem
914 1171 1063 1248 crinibus
1083 1191 1199 1250 arcum

443 1294 639 1388 Imprimat,
657 1306 716 1362 aut
735 1292 848 1386 magni
866 1289 962 1359 cedat
978 1289 1039 1359 tibi
1056 1291 1210 1384 luppiter
1227 1315 1319 1384 aqua

443 1415 542 1482 Parte
559 1410 649 1507 poli;
669 1435 806 1481 maneas
823 1409 996 1479 hominum
1017 1413 1195 1479 contentus
1214 1406 1369 1493 habenis,

443 1533 621 1604 Undarum
640 1547 803 1624 terraque
819 1544 954 1624 potens,
971 1544 1005 1597 et
1025 1527 1134 1598 sidera
1152 1527 1267 1608 dones.

442 1657 589 1748 Tempus
605 1653 690 1740 erit,
706 1669 784 1722 eum
805 1651 913 1719 Pierio
934 1665 994 1718 tua
1008 1649 1128 1719 fortior
1144 1661 1245 1728 oestro

444 1778 543 1844 Facta
560 1796 677 1843 canam
693 1799 700 1840 :
716 1795 808 1844 nune
823 1770 923 1840 tendo
939 1769 1171 1880 chelyngSatis
1187 1793 1279 1840 arum
1297 1769 1414 1838 referre

443 1895 570 1982 Aonia,
592 1908 626 1962 et
643 1894 783 1989 geminis
803 1906 972 1986 sceptrum
993 1889 1126 1966 exitiale
1147 1893 1316 1986 tyrannis,

442 2017 513 2085 Noc
529 2015 625 2084 furiis
644 2013 806 2110 postlata
824 2011 982 2100 modum,
1000 2009 1218 2106 flammasque
1235 2010 1371 2082 rebelles

443 2133 612 2208 seditione
628 2135 720 2229 rogi,
738 2130 944 2226 tumulisque
962 2131 1111 2202 carentia
1131 2155 1249 2227 regum

441 2258 591 2342 Funera,
611 2268 645 2324 et
659 2267 787 2349 egestas
805 2250 942 2324 alternis
960 2251 1126 2334 mortibus
1143 2252 1254 2338 urbes.

440 2370 574 2442 Caerula
591 2397 695 2467 quum
712 2371 827 2441 nabuit
847 2374 986 2440 Lernaeo
1002 2370 1165 2466 sanguine
1183 2373 1302 2460 Dirce,

439 2495 483 2562 Et
499 2492 616 2561 Thetis
634 2503 765 2562 arentes
776 2502 952 2576 ¹assuetum
968 2492 1132 2586 stringere
1148 2491 1255 2587 ripas,

439 2612 581 2682 Horruit
597 2611 727 2706 ingenti
747 2611 938 2680 venientem
954 2613 1113 2680 Ismenon
1130 2635 1260 2680 acervo.
1325 2658 1327 2666 ι

440 2731 551 2820 Quem
570 2731 664 2824 prius
682 2729 844 2816 heroum,
865 2727 958 2815 Clio,
976 2727 1094 2800 dabis?
1114 2730 1332 2800 immodicum
1354 2733 1405 2800 ire

438 2849 572 2946 Tydea?
588 2848 747 2946 laurigeri
763 2849 890 2932 subitos
908 2874 950 2930 an
961 2851 1054 2946 ‘satis
1070 2851 1204 2922 hiatus?
1252 2921 1255 2928 ,

437 2974 545 3064 Urget
562 2984 596 3038 et
612 2968 765 3040 hostilem
783 2965 973 3064 propellens
992 2968 1137 3039 caedibus
1152 2994 1286 3040 amnem

439 3089 608 3159 Turbidus
624 3087 879 3184 Hippomedon,
899 3087 1129 3185 plorandaque
1145 3088 1230 3160 bella
1249 3095 1395 3184 protervi

436 3207 604 3297 Arcados,
625 3223 727 3302 atque
742 3207 809 3286 ¹alio
827 3211 1005 3305 Capaneus
1026 3209 1166 3284 horrore
1187 3211 1368 3296 canendus.
1420 3277 1421 3280 ,

483 3330 593 3424 impia
605 3329 676 3423 jam
698 3329 819 3397 merita
838 3343 1005 3398 scrutatus
1024 3325 1152 3398 lumina
1169 3330 1286 3402 dextra

435 3452 602 3519 Merserat
622 3463 748 3528 aeterna
764 3445 960 3524 damnatum
979 3463 1078 3524 noete
1096 3451 1259 3545 pudorem

434 3567 647 3665 OEdipodes,
668 3566 835 3662 longaque
855 3569 1001 3638 animam
1018 3569 1080 3638 sub
1098 3585 1206 3640 morte
1223 3573 1370 3648 tenebat.

433 3685 533 3756 Illum
551 3685 780 3785 indulgentem
800 3687 967 3773 tenebris,
985 3689 1125 3783 imaeque
1144 3715 1275 3762 recessu
1385 3762 1388 3770 ,

434 3806 543 3892 Sedis,
562 3808 750 3903 inaspectos
770 3803 870 3894 coelo,
891 3807 1057 3902 radiisque
1075 3825 1223 3905 penates⁴

433 3929 647 4016 servantem,
665 3943 780 3999 tamen
800 3928 940 4001 assiduis
955 3930 1175 4022 circumvolat
1196 3931 1255 4003 alis
1276 3999 1278 4004 ,

432 4050 524 4116 Saeva
541 4047 611 4134 dies
631 4051 756 4140 animi,
775 4049 1003 4146 scelerumque
1018 4051 1052 4118 in
1073 4061 1208 4144 p'ectore
1229 4054 1339 4121 Dirae·
1439 4137 1441 4144 Α
