3130 5146
123 557 158 596 Ὗ.
168 550 209 603 ιο.)
464 535 658 593 sumunt
675 533 785 590 uultu
804 535 841 589 11.

127 664 288 748 Pectore,
305 662 374 754 jam
395 635 513 754 prendre
533 658 614 728 levis
630 659 792 728 imminet.
808 661 895 729 Eece
909 657 1027 727 eitatoa

127 779 283 848 Advertit
298 780 409 849 Diana
427 778 567 874 gradus,
586 777 667 848 dum
685 801 747 874 per
762 780 844 874 juga
860 777 987 872 septem

126 902 243 984 Errat,
260 875 501 992 Arentinaque
517 895 596 994 legit
613 899 755 994 vestigia
770 920 883 968 cervae.
965 907 967 914 “

125 1019 289 1088 Poenituit
304 1017 427 1094 nidisse
441 1023 549 1089 Deam
559 1043 570 1104 ;
580 1039 814 1113 eonversaque
832 1015 913 1086 fidas

126 1137 182 1208 Ad
198 1139 336 1208 comites
353 1164 361 1207 ε
380 1141 639 1233 «Nunquamne
652 1136 758 1208 avidis
771 1138 892 1208 arcebo
911 1139 1037 1232 rapinis

126 1263 199 1328 Hoc
215 1257 387 1353 petulans,
404 1258 595 1354 foedumque
614 1257 741 1353 petus?
759 1280 934 1352 semperne
950 1257 1062 1352 pudici

127 1380 309 1448 Decrescet
324 1379 407 1448 mihi
424 1379 523 1448 turba
539 1379 634 1448 chori
648 1377 692 1446 ir
708 1377 763 1447 sic
781 1376 903 1448 deinde
919 1376 1030 1448 locuta

125 1500 306 1593 Depromit
325 1497 483 1593 pharetra
500 1496 603 1568 telum
618 1497 734 1587 breve,
751 1497 843 1593 quod
859 1523 968 1592 neque
984 1498 1077 1567 flexis

125 1618 314 1706 Cornibus,
328 1631 387 1686 aut
403 1615 503 1689 solito
518 1633 657 1712 torquet
671 1617 828 1706 stridore·;
847 1617 905 1688 sed
924 1641 992 1686 una

123 1737 246 1806 Emisit
267 1749 427 1806 contenta
442 1759 566 1824 manu,
584 1736 772 1830 laevumque
788 1755 944 1833 soporem

125 1855 253 1926 Naidos
270 1877 387 1926 aversa
402 1856 510 1926 fertur
526 1858 672 1952 tetigisse
687 1859 816 1952 sagitta.

124 1973 187 2044 Illa
205 1978 316 2044 Deam
333 1977 460 2070 pariter
476 1999 616 2072 surgens
632 1976 830 2072 hostemque
847 1991 1042 2072 protervum

124 2093 237 2182 Vidit,
254 2109 289 2164 et
305 2077 341 2163 in
357 2095 500 2182 fontem,
517 2091 632 2165 niveos
648 2121 691 2164 ne
707 2096 870 2191 panderet
890 2111 1002 2182 artus,

125 2216 219 2284 Sicut
239 2229 313 2284 erat
332 2239 409 2285 cum
426 2229 531 2302 verte,
547 2217 630 2303 ruit;
648 2218 841 2312 stagnisque
858 2217 919 2286 sub
937 2211 1031 2304 altis,

125 2335 218 2402 Pana
234 2336 329 2428 sequi
346 2333 500 2422 medens,
514 2335 583 2403 ima
600 2333 687 2404 latus
705 2335 856 2430 implicat
875 2335 959 2432 alga.

171 2453 268 2544 Quid
286 2453 409 2523 faceret
424 2455 535 2524 subito
551 2454 709 2549 deceptus
724 2455 856 2550 prado?
870 2480 932 2526 neo
950 2454 1025 2525 altis

126 2573 274 2642 Credere
295 2597 417 2669 corpus
435 2574 530 2668 aquis
546 2575 642 2644 hirtae
657 2573 721 2643 sibi
736 2578 888 2646 conscius
904 2576 1004 2644 audet

127 2691 240 2782 Pollis,
256 2709 292 2763 et
307 2718 327 2762 a
342 2708 460 2764 tenero
477 2695 580 2764 nandi
597 2695 704 2784 rudis3
718 2697 837 2765 'omnia
857 2710 995 2790 questus
1015 2739 1024 2775 ,

126 2815 295 2884 immitem
311 2815 443 2902 Brimo,
458 2829 580 2911 stagno
598 2815 731 2903 invida,
748 2831 781 2886 et
798 2815 912 2885 invida
928 2816 1008 2906 tela,
1062 2837 1067 2844 ·

127 2933 323 3002 Primaevam
339 2935 412 3002 visu
429 2934 619 3030 piatanum,
635 2937 690 3005 oui
708 2933 808 3030 longa
828 2959 978 3031 propago

128 3052 383 3148 Innumeraeque
400 3077 535 3144 manus,
553 3069 587 3124 et
604 3056 711 3124 iturus
730 3057 765 3125 in
785 3056 907 3126 athera
925 3072 1053 3144 vertex,

128 3173 290 3267 Deposuit
303 3174 414 3267 juxta,
430 3177 609 3270 vivamque
627 3177 770 3272 aggessit
788 3199 941 3266 arenam,

128 3293 327 3386 optatisque
340 3297 487 3390 aspergit
501 3297 615 3390 aquis,
627 3310 661 3365 et
681 3291 760 3365 talia
777 3297 916 3367 mandat
934 3323 942 3366 ε

172 3441 189 3474 r
201 3415 293 3482 Vrvr
314 3411 387 3501 diu,
405 3417 513 3484 nostri
531 3418 653 3510 pignus
668 3417 884 3487 memorabile
900 3419 985 3504 voti,

126 3531 249 3615 Arbon
268 3546 302 3601 et
318 3533 390 3603 haec
405 3533 499 3604 duma
514 3535 685 3606 latebrosa-
698 3537 820 3607 cubilia
840 3527 995 3633 nymphae

30 3721 36 3738 ,
124 3651 175 3719 Tu
190 3649 309 3720 saltem
324 3652 464 3724 declinis
482 3675 575 3744 ama,
591 3671 624 3726 et
641 3677 755 3752 preme
772 3658 948 3728 fiundibus
968 3649 1102 3726 undam.

123 3767 184 3838 llta
200 3771 335 3865 quidem
350 3775 486 3861 meruit3
504 3775 562 3844 sed
579 3801 622 3845 ne
632 3828 642 3866 ,
660 3797 794 3872 precor,
811 3780 893 3873 igne*
904 3798 1054 3873 superno·

123 3891 264 3980 AEatuet,
281 3909 341 3962 aut
360 3893 445 3962 dura
459 3893 599 3966 feriatur
613 3897 802 3994 grandineq
817 3912 948 3968 tantum

121 4011 285 4106 Spargere
305 4027 342 4084 tu
361 4011 512 4105 laticem,
528 4031 561 4085 et
577 4016 665 4086 soliis
683 4018 818 4089 turbare
833 4035 1011 4088 memento.

120 4131 217 4200 Tunc
231 4157 293 4228 ego
313 4147 412 4228 teque
429 4133 488 4203 diu
504 4135 664 4226 recolam,
679 4137 918 4233 dominamque
934 4139 1087 4234 benignae

990 4265 1021 4345 q.
