3172 5142
147 503 280 570 (md-l
479 503 692 580 munnmos
714 505 824 561 nmen
844 509 910 562 vll.
1174 505 1212 583 95

154 633 364 725 Expugnare
384 626 484 714 dedi;
504 653 647 723 meaque
663 644 713 699 est
725 630 874 723 Jecurra,
895 633 1052 726 pigetque

156 752 229 817 Tot
243 763 372 816 mutare
392 749 538 836 animas,
557 763 608 818 tot
623 751 766 820 reddere
781 773 923 845 corpora
941 751 1027 822 vitee.

162 866 353 938 Labdacios
377 891 468 955 sero,
487 868 688 963 Pelopisque
708 897 726 940 u
745 875 847 966 stirpe
865 887 1004 966 nepotes

162 988 313 1058 Tardum
331 985 466 1057 abolere
486 989 569 1057 milri
586 1013 594 1058 ε
612 993 676 1058 scis
694 992 781 1086 ipse,
801 1007 839 1060 ut
858 994 1001 1062 crimina
1019 995 1149 1065 mittem

163 1110 308 1197 Dorica,
326 1133 428 1202 quam
447 1124 588 1202 promte
605 1112 750 1205 Superos
771 1113 932 1181 incessere
951 1114 1095 1200 Thebte3

162 1232 214 1298 Te
232 1253 366 1323 quoque
381 1253 390 1297 ε
405 1228 483 1316 sed,
500 1231 661 1322 quornm
685 1245 779 1300 vetus
796 1233 918 1301 excidit
935 1235 1003 1320 ire,
1023 1233 1137 1304 silebo.

164 1352 245 1420 Non
269 1364 378 1416 temen
401 1363 458 1416 aut
476 1351 587 1444 patrio
607 1373 774 1445 respersus
795 1355 957 1448 sanguine
976 1355 1160 1441 Pentheus,

164 1475 234 1540 Aut
253 1485 393 1538 matrem
408 1467 585 1540 scelerasse
605 1472 707 1559 toris,
723 1486 780 1540 aut
799 1475 939 1542 crimine
958 1473 1077 1544 fratres

164 1593 386 1686 Progenuisse
405 1615 499 1677 reus,
519 1589 629 1659 lacero
648 1605 705 1660 tua
727 1589 831 1660 lustru
852 1593 991 1689 replevit

166 1715 320 1780 Funere:
336 1711 394 1778 ubi
413 1709 532 1778 fletus?
550 1709 608 1778 ubi
627 1726 708 1781 tunc
728 1737 782 1781 ars
801 1727 894 1782 tanta
909 1715 1092 1807 precandi?

169 1835 231 1902 Ast
248 1854 310 1926 ego
329 1855 396 1898 non
414 1832 553 1924 proprio
575 1829 666 1900 diros
683 1831 841 1924 impendo
859 1830 968 1902 dolori

169 1949 457 2044 OEdipodionidas
476 1975 484 2016 τ
500 1965 598 2044 roget
614 1952 678 2020 hoc
696 1950 874 2044 tellusque,
895 1951 1075 2048 polusque,

171 2076 213 2142 Et
232 2071 353 2166 pietas,
370 2085 403 2140 et
423 2069 497 2139 laesa
515 2070 610 2156 fides,
630 2086 828 2166 naturaque,
847 2088 880 2140 et
895 2075 958 2167 ipsi

171 2191 397 2262 Eumenidum
414 2215 523 2259 mores
541 2218 549 2259 :
569 2190 625 2261 sed
643 2207 678 2259 tu
700 2215 801 2287 super
820 2191 904 2261 urbe
921 2169 1047 2262 moieri

169 2319 275 2385 Parce
292 2329 366 2399 ωας
386 2337 454 2382 non
474 2313 539 2380 hoc
555 2313 655 2380 statui
674 2313 736 2381 sub
753 2327 903 2408 tempore
922 2315 1023 2384 rebus

172 2439 339 2504 (lecasutn
359 2433 498 2502 Aoniis:
516 2433 627 2501 veniet
644 2435 831 2526 suspeetior
849 2447 946 2521 retas,

174 2554 374 2648 Ultorssque
391 2551 447 2620 elii
464 2577 473 2620 ε
489 2577 579 2621 nunc
597 2554 688 2644 regia
707 2557 796 2621 June
813 2567 1015 2648 queretur.»

224 2678 283 2744 llis
302 2673 358 2743 ille
377 2673 500 2742 auditis
519 2687 734 2767 mentemque
751 2674 970 2768 habitumque
989 2677 1124 2768 recepit.

173 2798 222 2867 Ut
239 2821 343 2890 quum
360 2793 429 2863 sole
444 2792 552 2880 melo,
566 2795 721 2886 tristique
739 2796 867 2862 rosaria
883 2793 1010 2888 pellent

174 2920 258 2987 Usta
277 2919 387 3002 Noto,
405 2915 432 2983 si
450 2913 543 2984 clara
561 2912 648 2998 dies,
666 2915 879 3008 Zephyrique
897 2913 1012 2984 refecit

175 3042 263 3108 Aure
285 3033 419 3132 polum,
436 3033 524 3102 redit
539 3035 647 3102 omnis
666 3034 791 3120 honos,
808 3034 994 3128 emissaque
1012 3034 1125 3105 lucent

176 3158 353 3242 Germina,
372 3168 406 3223 et
424 3153 583 3222 informes
598 3168 698 3222 ornet
713 3177 774 3222 sua
791 3151 898 3248 glorie
920 3156 1040 3250 virgas.
1148 3223 1151 3228 .

224 3277 393 3364 Nuntius,
412 3275 571 3344 attonitus
586 3273 784 3367 jamdudum
803 3273 947 3344 Eteoclis
964 3276 1007 3344 ad
1028 3297 1125 3345 aures

175 3397 359 3495 Explorate
375 3395 503 3483 ferens,
522 3393 625 3488 longo
642 3393 741 3464 docet
761 3397 894 3490 agmine
913 3397 1035 3465 Graios

176 3524 230 3590 Ire
249 3519 370 3607 duces,
389 3541 450 3586 nec
463 3517 534 3610 jam
550 3517 667 3585 Aoniis
686 3513 803 3610 procul
824 3513 940 3584 abfore
958 3517 1100 3609 eampis3

178 3641 390 3734 Quacunque
410 3639 570 3732 ingressi‚'
587 3639 745 3725 tremere,
762 3661 800 3704 ac
819 3637 1032 3704 miserescere
1050 3651 1191 3705 cunctos

180 3760 388 3844 Thebarum
410 3759 467 3852 qui
487 3757 590 3851 stirpe
605 3756 726 3844 refert,
743 3758 802 3850 qui
818 3757 970 3843 nomine,
987 3770 1022 3825 et
1038 3758 1149 3826 ermis.

179 3879 240 3948 Ille
257 3895 382 3950 metum
398 3877 565 3964 condens,
582 3876 697 3946 eudire
714 3878 880 3971 exposcit,
899 3893 932 3946 et
949 3877 1020 3945 odit

180 3985 393 4068 Nairantern.
411 4001 500 4067 Hinc
522 3998 619 4068 dictis
638 3999 745 4066 sorios
762 3995 947 4084 stimulare,
967 4021 1110 4088 suesque

182 4121 293 4187 Metiri
314 4118 464 4193 decernit
478 4143 558 4212 opes
574 4144 582 4185 :
600 4118 766 4186 exciverat
787 4141 919 4186 ornnem
