3206 5136
188 447 227 509 (v.
240 447 312 511 205.)
524 435 741 493 THEBAIDOS
763 435 875 492 LIBER
898 435 934 490 V.
1216 431 1252 501 37

190 574 310 644 Prima
328 569 451 653 fames,
472 564 630 657 avidique
648 562 834 657 implorant
852 563 958 630 ubera
978 562 1059 629 nati.
1094 619 1097 624 .

248 693 402 778 «Qnoe'fss‘
426 686 448 753 ri
463 683 566 781 (nam
584 679 727 774 dubito)
741 681 904 750 scelerum
923 680 964 749 de
980 678 1072 749 mille
1090 679 1205 772 figuris

179 807 382 910 JEnpediam
399 805 518 892 casus?
535 802 706 874 Helimum
724 804 902 872 temeraria
923 807 1044 916 Gorge,

194 933 377 1002 Evinctum
396 928 517 1013 ramis,
535 923 671 1016 altaque
690 924 725 990 in
748 921 838 992 mole
859 937 1009 1018 tapetum

193 1049 374 1120 Efflantem
395 1073 515 1118 somno
536 1049 719 1118 crescentia
740 1047 834 1131 vina,
855 1059 1048 1139 superstans

197 1169 347 1240 Vulnera
368 1169 508 1264 disjecta
525 1169 668 1237 rimatur
686 1181 794 1254 veste,
814 1167 873 1235 sed
891 1165 987 1235 illum

196 1271 317 1361 Infelix
334 1314 437 1385 sopor
452 1287 589 1358 admota
604 1288 666 1358 sub
684 1302 792 1356 morte
807 1286 943 1382 refugit.

196 1409 385 1497 Turbidus,
399 1410 636 1501 incertumque
650 1407 756 1478 oculis
770 1406 989 1503 vigilantibus
1002 1407 1134 1476 hostem

198 1535 355 1625 Occupat
368 1527 541 1624 amplexu,
555 1553 619 1598 nec
633 1531 769 1623 segnius
783 1527 842 1596 illa
857 1529 1001 1597 tenentis

198 1653 292 1719 Pone
311 1648 418 1745 adigit
431 1663 560 1737 costas,
580 1648 688 1718 donec
708 1674 768 1718 sua
787 1649 923 1743 pectora
941 1647 1030 1717 ferro

198 1774 366 1866 Tangeret
386 1796 395 1838 ε
415 1770 443 1838 is
462 1769 597 1838 demum
617 1769 731 1838 sceleri
750 1768 870 1838 modus
891 1796 899 1838 ε
920 1793 981 1837 ora
999 1770 1136 1864 supinat

198 1888 347 1960 Blandus
365 1889 494 1976 adhuc,
510 1881 683 1984 oculisque
700 1905 846 1960 tremens
864 1904 898 1959 et
916 1891 1089 1958 murmure
1109 1891 1247 1984 Gorgen

199 2011 345 2100 Quaerit,
363 2025 396 2080 et
414 2011 556 2107 indigno
575 2035 645 2080 non
664 2010 765 2080 solvit
780 2011 919 2080 brachia
937 2009 1034 2079 collo.

251 2163 268 2198 α
279 2135 359 2203 Non
376 2157 439 2228 ego
458 2158 550 2202 nunc
568 2125 689 2229 vulgi,
701 2153 895 2226 quanquam
916 2128 1082 2216 crudelia,
1101 2128 1246 2225 pandam

200 2257 348 2342 Funera,
367 2253 424 2322 sed
443 2255 582 2348 propria
600 2252 711 2323 luctus
729 2253 776 2322 de'
790 2254 893 2346 stirpe
912 2251 1083 2321 recordor.

200 2361 304 2461 Quod
322 2390 370 2461 te,
389 2373 473 2442 ssave
493 2372 628 2468 Cydon,
648 2373 740 2466 quod
759 2389 792 2442 te
810 2372 976 2468 percolla
996 2371 1113 2442 refusis

200 2498 388 2582 intactum,
407 2496 564 2582 Crenaee,
584 2497 689 2565 comis
708 2493 857 2590 (quibus
875 2494 980 2563 ubera
996 2518 1127 2562 mecum

201 2613 454 2708 Obliquumque
472 2639 493 2683 a
512 2630 605 2710 patre
625 2613 773 2710 genus),
794 2599 999 2707 sortemque,
1020 2613 1178 2683 timebam

202 2737 314 2824 Quem
333 2733 515 2830 desponsa,
534 2739 653 2830 Gyan,
673 2735 742 2807 vidi
762 2735 891 2830 lapsare
910 2751 1055 2805 cruentae

203 2853 352 2923 Vulnere
367 2856 589 2950 Mirmydonis
610 2883 618 2926 ε
638 2855 796 2950 quodque
814 2857 1005 2925 interserta
1023 2856 1221 2949 chorosque.

201 2974 351 3042 Barbara
369 2973 537 3044 ludentem
557 2975 705 3045 fodiebat
723 2979 869 3069 Opopea,
885 2990 1002 3044 mater.
1047 3049 1050 3066 Ε

251 3093 354 3161 «Flet
371 3119 471 3188 super
490 3119 672 3190 aeqnaevum
694 3120 790 3164 soror
808 3110 977 3164 exarmata
995 3098 1137 3190 Lycaste

202 3212 369 3306 Cydimon
390 3241 398 3282 :
419 3215 483 3285 heu
504 3198 796 3312 similes'perituro
814 3219 849 3285 in
868 3241 1009 3310 corpore
1028 3216 1141 3287 vultus
1252 3233 1255 3240 '

203 3333 416 3428 Adspiciens,
434 3335 617 3432 lloremque
637 3361 748 3435 genae,
769 3354 801 3407 et
818 3364 901 3431 quas
920 3339 1061 3408 finxerat
1080 3364 1163 3408 auro

203 3456 280 3549 Ipsa
298 3479 411 3525 comas
431 3483 440 3524 t
459 3472 530 3526 tum
550 3482 636 3546 saeva
654 3482 776 3553 parens
791 3459 861 3552 jam
880 3459 1025 3554 conjuge
1043 3459 1117 3528 fuso

203 3573 360 3664 Adstitit,
381 3575 587 3672 impellitque
604 3579 721 3666 minis,
741 3593 841 3671 atque
859 3581 975 3648 inserit
992 3603 1114 3648 ensem.

203 3695 254 3762 Ut
270 3693 356 3782 fera,
376 3721 449 3788 quae
466 3697 600 3791 placido
619 3699 746 3767 rabiem
766 3698 900 3768 desueta
919 3705 1079 3794 magistro

135 3913 136 3918 γ
204 3813 345 3884 Tardius
363 3840 457 3884 arma
475 3833 605 3904 movet,
625 3817 853 3912 stimulisque,
873 3834 907 3887 et
926 3820 1064 3890 verbere
1081 3822 1199 3890 crebro

204 3932 245 4002 ln
263 3959 372 4005 mores
391 3952 491 4032 negat
509 3939 557 4008 ire
577 3963 654 4008 suos
674 3966 682 4007 :
703 3941 750 4007 sic
770 3937 826 4008 illa
841 3940 981 4032 jacenti

204 4051 344 4145 Incidit,
362 4057 612 4151 undantemque
633 4061 708 4128 sinu
727 4058 875 4154 collapsa
894 4085 1048 4133 cruorem
