3192 5148
378 553 406 625 jv
691 553 742 607 DE
761 553 791 606 P.
814 553 968 607 PAPINIO
989 553 1122 609 srfflc

381 679 520 771 citiique
535 678 783 772 perseverantia
798 693 969 746 assecutus
986 693 1037 746 est
1056 680 1198 766 Statius,
1212 695 1247 748 ut
1262 705 1433 776 nunquam

376 797 548 867 defuerint
567 798 632 866 viri
660 797 880 868 laudatissimi
901 799 960 892 qui
977 823 1054 867 eum
1083 797 1135 868 vel
1163 797 1279 893 elogiis
1301 801 1434 872 extolle·

378 933 454 988 rent
478 917 529 987 vel
556 919 720 987 imitando
739 918 925 1014 exprimere
948 917 1148 988 studerent:
1170 921 1259 989 inter
1278 923 1434 1017 antiquos

376 1037 601 1124 Claudianus,
628 1039 788 1109 Sidonius
824 1037 1050 1132 Apollinaris,
1078 1041 1314 1134 Symmachus;
1347 1044 1435 1112 inter

376 1161 599 1248 recentiores,
614 1163 761 1247 Dentes,
782 1162 920 1247 Tassus,
939 1162 1136 1247 Boccatius,
1157 1165 1258 1255 Hugo
1278 1165 1432 1250 Grotius,

376 1287 430 1352 Fr.
451 1282 678 1370 Malherbius,
699 1297 736 1351 ut
757 1297 884 1350 taceam
910 1282 1119 1377 poeticarum
1143 1307 1307 1352 venerum
1334 1286 1434 1354 nimis

376 1420 547 1499 suspectos
579 1403 709 1498 judices
739 1403 946 1496 Scaligeros,
976 1403 1237 1490 Casa'ubonum,
1263 1406 1434 1499 Lipsium,

375 1527 608 1611 Gronovium,
623 1523 772 1617 aliosque
790 1522 997 1618 philologos,
1016 1525 1074 1617 qui
1095 1525 1239 1593 Statium
1259 1523 1434 1595 dilaudunt

375 1643 542 1714 indefessi.
572 1646 741 1714 Nimirum
764 1630 803 1713 'hi
825 1643 978 1712 locorum
1006 1643 1136 1738 aliquot
1162 1643 1375 1738 splendorem
1399 1661 1434 1715 et

374 1763 504 1834 felicem
512 1763 708 1853 audaciam,
723 1763 906 1833 multarum
922 1763 1110 1832 dictionum
1128 1766 1339 1857 ingeniosum
1357 1791 1434 1835 acu-

373 1911 472 1973 men,
491 1887 527 1955 in
546 1886 662 1974 rebus,
683 1907 758 1980 quae
782 1884 887 1954 oculis
910 1886 1157 1981 percipiuntur,
1181 1887 1322 1979 picturae
1348 1889 1432 1956 veri·

375 2020 497 2093 tatem,
517 2022 555 2075 ut
574 2032 637 2101 par
655 2021 744 2096 erat,
765 2020 980 2099 agnoverunt
997 2005 1081 2074 :sed
1099 2006 1240 2074 nimium
1258 2007 1330 2075 istis
1348 2003 1433 2077 dele·

374 2130 454 2198 etati
476 2129 518 2197 de
544 2130 701 2198 universo
729 2143 837 2224 poetae
862 2129 999 2221 ingenio
1019 2142 1079 2196 aut
1104 2127 1186 2196 salsa
1208 2126 1354 2221 judicia,
1375 2145 1432 2198 aut

374 2273 443 2317 non
467 2250 547 2318 satis
573 2235 816 2345 circumspecta
842 2247 1004 2317 tulerunt.
1032 2251 1071 2316 ln
1099 2273 1212 2317 rerum
1237 2249 1432 2319 inventione

373 2395 448 2464 quae
466 2385 500 2440 et
516 2395 603 2440 noua
620 2385 654 2440 et
670 2370 780 2440 selicia
798 2371 887 2455 sint,
908 2369 1155 2438 animadvertas
1172 2371 1210 2439 in
1233 2373 1340 2440 Statio
1358 2396 1431 2467 per·

372 2493 574 2586 paucissima
591 2517 599 2560 t
614 2491 720 2560 multa
740 2493 776 2559 in
796 2490 964 2580 dictione,
980 2490 1057 2560 licet
1069 2493 1104 2560 in
1119 2493 1312 2560 universum
1330 2493 1431 2562 modo

373 2597 519 2700 tumida,
535 2612 638 2682 modo
657 2627 797 2707 arguta,
815 2611 918 2682 modo
935 2638 1082 2707 operosae
1099 2612 1286 2707 elegantiae,
1308 2613 1432 2709 ubique

372 2733 441 2802 sere
459 2733 717 2802 insolentiorum
735 2748 859 2803 temere
875 2732 1036 2803 studiosa.
1052 2738 1092 2803 ln
1107 2715 1430 2830 comparationibus,

375 2880 458 2949 quas
477 2857 562 2925 mire
581 2855 732 2945 affectat,
751 2879 1015 2950 nonnunquam,
1038 2870 1076 2924 ut
1094 2854 1214 2950 loquar
1232 2855 1353 2946 libere,
1373 2857 1432 2925 ab·

372 2976 493 3046 surdus
516 2992 566 3046 est
592 2992 651 3046 aut
674 2993 894 3046 monstrosus.
911 2976 1092 3071 Virgilium
1123 2991 1161 3045 ut
1185 2977 1364 3067 adorabat,
1386 2979 1431 3048 ita

372 3099 522 3168 imitatus
540 3115 591 3169 est
607 3101 806 3195 saepissime,
822 3098 944 3168 deinde
962 3103 1155 3186 Lucanum,
1173 3097 1351 3192 aliquoties
1365 3103 1431 3168 Ho-

372 3219 506 3289 ratium.
537 3223 642 3291 «Nec
661 3219 834 3315 vulgarem
851 3219 905 3316 (ut
924 3219 1064 3290 Handri'
1077 3219 1188 3288 verbis
1204 3219 1338 3316 loquar)
1356 3222 1432 3288 imi·
1528 3245 1534 3252 ·

325 3327 330 3339 Ι
372 3339 467 3409 tandi
481 3341 620 3410 modum
633 3343 786 3436 sequitur
802 3342 949 3428 Statius,
967 3340 1025 3410 sed
1045 3341 1104 3409 ubi
1121 3336 1265 3409 aliorum
1282 3343 1430 3434 vestigiis

373 3463 517 3550 insistit,
539 3465 649 3557 ipsum
679 3465 844 3532 incessum
872 3461 993 3531 callida
1019 3476 1091 3530 arte
1110 3460 1195 3530 celat
1222 3487 1230 3527 :
1255 3481 1324 3555 quo
1345 3487 1431 3558 saepe

374 3581 432 3671 lit,
452 3598 491 3652 ut
506 3584 617 3653 verbis
639 3583 783 3653 multum
803 3584 846 3652 ab
866 3585 905 3652 iis
924 3583 1093 3668 discedat,
1113 3583 1237 3675 quibus
1256 3585 1362 3676 ipsam
1381 3585 1432 3651 in·

374 3705 568 3773 ventionem
585 3703 713 3774 debeat.
729 3707 781 3774 De
796 3729 912 3797 quare
930 3706 1062 3798 egregie
1072 3705 1251 3773 Hortus:
1265 3705 1365 3772 Unus
1382 3720 1432 3772 est

374 3959 446 4031 tus,
463 3944 522 4012 ubi
537 3946 700 4033 imitatur,
715 3971 900 4039 numquam
919 3945 1106 4042 exemplum
1124 3946 1332 4038 suum-sequi
1341 3943 1430 4033 vult,

373 4063 430 4133 scd
447 4063 606 4159 praesilire
625 4093 665 4136 ac
684 4068 774 4135 circa
792 4066 926 4136 eosdem
947 4093 1062 4137 sensus
1084 4082 1252 4136 certamen
1270 4091 1348 4135 cum
1373 4064 1432 4137 illo

373 4187 467 4255 inire.
487 4186 841 4283 Homerivirgiliique
861 4215 962 4284 quam
985 4189 1129 4285 plurima
1147 4191 1328 4284 expressit,
1348 4213 1431 4256 sem·
