3094 5140
396 529 454 588 πμ
692 516 910 574 ΤΗΕΒΑΙΒοε
932 518 1046 574 LIBER
1065 518 1129 573 ΧΗ.
1340 521 1377 585 (v.
1396 521 1463 582 Μ.)

395 651 470 716 Huc
489 643 605 714 attolle
623 668 741 739 genas,
758 643 952 737 defectaque
971 641 1124 714 lumina:
1145 647 1239 714 venit

394 768 446 840 Ad
463 767 595 837 Thebas
612 766 715 860 Argia
737 780 811 835 tuas
831 793 838 834 :
857 791 937 860 age,
957 765 1123 836 moenibus
1144 767 1264 857 induc,

393 895 438 961 Et
457 889 584 984 patrios
603 887 743 958 ostende
759 887 862 976 lares,
880 904 912 959 et
931 905 1050 960 mutua
1067 889 1170 960 redde

394 1014 548 1107 Hospitia
565 1038 574 1080 ε
593 1013 659 1082 beu
677 1010 760 1104 quid
777 1009 863 1105 agol
881 1011 1054 1105 projectus
1071 1013 1198 1107 cespite
1217 1011 1314 1082 nudo

393 1139 466 1204 Hoc
484 1135 599 1230 patriae
617 1131 746 1203 telluris
766 1129 891 1202 habes?
907 1157 982 1226 qure
997 1134 1132 1228 jurgia?
1149 1150 1239 1204 certe

392 1257 578 1350 Imperium
598 1279 666 1324 non
687 1253 790 1323 srater
811 1253 913 1323 habet
931 1279 939 1322 ε
960 1252 1114 1324 nullasne
1131 1270 1270 1325 tuorum

394 1377 532 1447 Movisti
550 1374 734 1470 lacrymas?
752 1374 810 1444 ubi
829 1374 956 1444 mater?
974 1375 1034 1444 ubi
1052 1373 1174 1470 inclyta
1197 1375 1289 1445 fama

368 1619 576 1708 Dicebam,
597 1643 666 1712 quo
690 1616 798 1687 tendis
818 1615 904 1686 iter?
921 1618 1003 1712 quid
1021 1631 1151 1712 sceptra
1171 1635 1295 1715 negata

392 1739 527 1810 Poscis?
543 1739 645 1808 habes
664 1743 799 1833 Argos:
818 1739 924 1808 soceri
943 1740 1099 1834 regnabis
1117 1742 1152 1809 in
1171 1738 1248 1811 aula
1268 1769 1277 1810 :

392 1863 456 1932 Hic
473 1862 534 1931 tibi
556 1859 676 1955 longus
694 1861 823 1946 honos,
841 1861 896 1930 hic
915 1857 1056 1929 indivisa
1078 1877 1238 1956 potestas.

392 1982 486 2072 Quid
507 1982 655 2077 queror?
675 1984 747 2078 ipsa
766 1981 843 2052 dedi
863 1981 1009 2070 bellum,
1028 1997 1250 2080 moestumque
1270 1989 1399 2080 rogavi

392 1497 582 1593 Antigone?
600 1496 683 1566 mibi
703 1521 822 1590 nempe
837 1497 927 1590 jaces
946 1521 954 1564 ε
972 1497 1056 1565 mibi
1074 1499 1183 1567 victus
1199 1523 1235 1567 es
1253 1501 1327 1568 uni.

392 2109 471 2199 Ipsa
487 2119 638 2200 patrem,
657 2117 696 2172 ut
713 2101 816 2172 talem
834 2129 927 2174 nunc
947 2120 979 2175 te
997 2103 1170 2199 complexa
1190 2122 1359 2176 tenerem.

393 2225 461 2295 Sed
469 2226 554 2294 bene
565 2225 682 2312 babet,
693 2226 814 2318 Superi
826 2251 835 2294 z
846 2239 980 2320 gratum
994 2240 1058 2312 est,
1069 2231 1215 2319 Fortuna
1229 2245 1393 2322 :peracta
1409 2245 1455 2298 est

392 2349 474 2442 Spes
495 2344 680 2441 longinqua
697 2346 758 2414 vite
778 2371 787 2413 ε
806 2359 895 2416 totos
914 2347 1103 2416 invenimus
1117 2363 1221 2418 artus.

392 2467 456 2536 Hei
473 2467 575 2554 mihi,
597 2465 655 2536 sed
673 2482 800 2560 quanto
819 2466 992 2537 descendit
1010 2468 1133 2538 vulnus
1149 2468 1259 2539 hiatu!

392 2593 465 2658 Hoc
482 2587 602 2658 frater?
620 2612 687 2682 qua
705 2602 817 2683 parte,
835 2613 969 2682 precor,
986 2591 1076 2683 jacet
1093 2590 1150 2660 ille
1168 2592 1337 2662 nefandus

392 2707 585 2780 Praedator?
603 2710 734 2778 vincam
755 2708 907 2780 volucres
917 2761 927 2798 ‚
947 2713 990 2779 sit
1008 2712 1101 2780 adire
1119 2727 1283 2808 potestas,

393 2828 645 2924 Excludamque
666 2829 751 2899 feras
773 2855 781 2898 ε
804 2855 847 2899 an
866 2831 968 2900 habet
989 2831 1140 2912 banestus
1159 2849 1194 2902 et
1209 2834 1326 2928 ignes?

392 2951 458 3020 Sed
477 2975 538 3020 nec
556 2967 590 3020 te
608 2950 750 3020 flammis
770 2953 905 3047 inopem
925 2969 982 3023 tua
1001 2968 1091 3022 terra
1108 2953 1258 3024 videbit:

392 3071 554 3156 Ardebis,
570 3068 800 3166 lacrymasque
818 3072 922 3160 feres,
941 3098 1024 3168 quas
1045 3074 1131 3144 ferre
1152 3090 1310 3169 negatum

392 3192 558 3288 Regibus,
573 3207 804 3286 eternumque
819 3191 878 3262 tuo
895 3192 1058 3264 famulata
1078 3194 1231 3291 sepulcro

392 3316 539 3386 Durabit
555 3317 685 3387 deserta
703 3315 802 3404 fides,
821 3319 980 3411 testisque
1001 3316 1156 3388 dolorum

393 3439 501 3507 Natus
521 3439 603 3526 erit,
622 3461 794 3532 parvoque
813 3453 925 3508 torum
946 3437 1104 3533 Polynice
1123 3438 1284 3509 fovebo.»

441 3561 528 3628 Ecce
549 3557 631 3628 alios
649 3559 812 3654 gemitus,
831 3557 999 3654 aliamque
1020 3559 1063 3629 ad
1082 3561 1180 3630 busta
1201 3561 1328 3630 ferebat

394 3680 562 3774 Antigone
581 3680 769 3750 miseranda
789 3679 912 3767 lacem,
930 3682 986 3751 vix
1006 3697 1105 3752 nacta
1123 3685 1245 3778 petitos

393 3801 563 3870 Moenibus
581 3827 733 3896 egressus
751 3827 759 3870 ε
777 3800 868 3871 illam
887 3825 966 3872 nam
986 3819 1137 3899 tempore
1155 3806 1189 3873 in
1205 3807 1298 3874 omni
1433 3797 1441 3804 ⁸

393 3921 582 3992 Attendunt
599 3921 735 4018 vigiles,
753 3939 788 3993 et
806 3947 866 3994 rex
881 3924 978 4018 jubet
998 3926 1068 4020 ipse
1084 3927 1215 4012 timeri,

395 4045 651 4140 Contractaeque
672 4046 779 4134 vices,
796 4059 830 4114 et
849 4046 1001 4115 crebrior
1020 4046 1162 4116 excubat
1175 4049 1278 4142 ignis.

395 4168 484 4259 Ergo
502 4167 602 4255 Deis,
623 4165 788 4262 fratrique
807 4191 916 4238 moras
932 4184 1089 4256 excusat,
1106 4184 1138 4238 et
1157 4195 1293 4256 ornens,
