3172 5142
421 473 460 534 68
733 477 946 534 annnamos
966 477 1076 534 LIBER
1097 479 1145 534 vt.
1360 482 1395 544 (v.
1409 481 1474 540 sss.)

470 605 602 670 Interea
617 615 718 669 cantu
735 604 910 670 Musarum
927 601 1039 670 nobile
1057 602 1205 672 mulcens

422 717 627 808 Concilium,
646 720 846 813 citharaeque
865 744 981 789 manus
1000 722 1144 791 insertus
1163 723 1283 819 Apollo

422 840 577 908 Parnassi
594 864 724 908 summo
743 839 913 934 spectabat
930 840 972 908 ab
989 841 1111 910 aethere
1127 857 1248 930 terras,

423 961 509 1027 Orsa
526 961 635 1028 Deum
653 959 753 1054 (nam
770 984 856 1053 sape
873 963 1004 1047 lovem,
1022 960 1282 1060 Phlegramque,
1302 965 1426 1058 suique

421 1079 549 1172 Anguis
567 1102 670 1172 opus,
688 1077 895 1172 fratrumque
912 1080 988 1174 pius
1007 1095 1160 1150 cantarat
1178 1081 1349 1178 honores)

422 1199 517 1266 Tunc
539 1199 663 1292 aperit,
681 1200 755 1291 quis
775 1197 899 1267 fulmen
917 1215 1014 1293 agat,
1035 1202 1111 1292 quis
1130 1201 1240 1270 sidera
1257 1202 1361 1271 duem

422 1317 584 1410 Spiritus,
602 1316 691 1385 unde
709 1319 811 1387 animi
829 1318 957 1406 fluviis,
979 1343 1053 1412 quae
1073 1318 1196 1414 pabula
1216 1325 1343 1410 ventis,

421 1436 500 1524 Quo
519 1435 610 1505 sonte
626 1438 826 1506 immensum
842 1439 933 1506 vivat
950 1463 1058 1526 mare,
1075 1463 1149 1532 quae
1165 1442 1220 1509 via
1237 1441 1321 1510 soles

419 1557 625 1650 Praecipitat,
646 1572 779 1625 noctem
797 1581 871 1650 quae
889 1561 1055 1652 porrigat,
1076 1560 1187 1626 imane
1209 1559 1320 1648 tellus,

420 1675 471 1741 An
488 1673 613 1762 media,
631 1690 665 1743 et
681 1699 797 1744 rursus
813 1676 939 1744 mundo
955 1679 1130 1746 succincta¹
1141 1676 1266 1746 latenti.

466 1794 557 1862 Finis
575 1809 665 1879 erat;
686 1793 798 1864 differt
817 1795 930 1864 avidas
947 1795 1063 1865 audire
1080 1820 1209 1864 sorores
1231 1823 1239 1862 :

418 1915 575 2005 Dumque
592 1911 710 2007 chelyn
730 1912 844 2002 lauro,
864 1928 1057 2007 textumque
1076 1913 1204 1984 illustre
1223 1939 1357 1984 coronae

418 2031 587 2128 subligat,
605 2048 639 2100 et
654 2035 746 2126 picto
763 2034 921 2128 discingit
937 2048 1072 2127 pectora
1089 2033 1212 2122 limbo,

418 2151 516 2220 Haud
534 2150 650 2247 procul
668 2152 867 2221 Herculeam
886 2155 1034 2223 Nemeen
1053 2152 1198 2222 clamore
1216 2153 1377 2224 reductus
1413 2247 1417 2254 ι

417 2271 585 2365 Adspicit3
603 2287 704 2365 atque
722 2271 789 2341 illic
806 2275 922 2368 ingens
940 2275 1128 2342 certaminis
1147 2275 1252 2343 instar

418 2391 620 2487 Quadrijugi
640 2419 648 2460 :
670 2394 779 2492 noscit
796 2409 950 2481 cunctos,
969 2408 1002 2462 et
1020 2393 1105 2462 forte
1124 2395 1315 2488 propinquo

418 2513 643 2582 Constiterant
658 2511 818 2582 Admetus
834 2528 868 2583 et
883 2514 1105 2608 Amphiaraus
1121 2515 1156 2582 in
1173 2539 1264 2582 arvo.

417 2635 513 2702 Tuuc
531 2647 661 2722 secum,
679 2635 870 2722 «Quisnam
889 2635 949 2703 iste
965 2634 1068 2724 duos,
1088 2633 1247 2704 fidissima
1262 2635 1392 2705 Phoebo

417 2751 584 2842 Nomina,
602 2755 767 2822 commisit
784 2731 876 2823 Deus
893 2756 927 2822 in
946 2754 1137 2824 discrimina
1154 2754 1269 2850 reges?

418 2874 526 2946 Ambo
541 2875 606 2970 pii,
626 2875 761 2968 carique
779 2874 878 2942 ambo
898 2900 905 2942 :
927 2899 1090 2967 nequeam
1107 2876 1177 2968 ipse
1194 2876 1341 2970 priorem

418 2996 547 3066 Dicere.
570 2994 708 3064 Peliacis
727 2995 782 3063 hic
801 3019 906 3088 quum
926 2994 1104 3064 famularer
1125 2997 1160 3064 in
1182 2997 1288 3083 arvis,

418 3117 473 3188 Sic
490 3117 581 3186 Jovis
598 3117 753 3211 imperia,
772 3131 806 3184 et
823 3117 926 3210 nigrae
945 3113 1081 3184 voluere
1097 3141 1242 3203 sorores,

417 3237 530 3306 Thura
548 3236 650 3305 dabat
667 3236 809 3322 famulo,
829 3261 889 3306 nec
907 3261 960 3305 me
977 3237 1100 3304 sentire
1119 3237 1282 3305 minorem

420 3361 547 3438 Ausus;
571 3372 607 3425 at
624 3356 679 3424 hic
698 3356 868 3450 tripodum
889 3379 1020 3441 comes,
1040 3379 1073 3423 et
1090 3357 1165 3450 pius
1184 3357 1264 3423 artis
1283 3354 1435 3426 alumnus

419 3477 581 3546 AEthereae
601 3503 608 3545 :
628 3479 739 3570 potior
756 3478 882 3546 meritis
900 3492 1011 3545 tamen
1030 3474 1101 3562 ille,
1120 3474 1177 3545 sed
1195 3477 1295 3570 liujus

418 3599 574 3666 Extrema
588 3596 658 3690 jam
676 3596 731 3666 fila
749 3596 822 3667 colo
842 3623 849 3664 :
869 3597 968 3666 datur
985 3597 1069 3665 ordo
1085 3611 1222 3666 senecta*

418 3717 580 3805 Admeto,
599 3742 774 3812 serumque
793 3720 877 3786 mori
897 3745 904 3786 :
927 3720 987 3787 tibi
1006 3717 1098 3787 nulla
1115 3733 1294 3811 supersunt

420 3836 551 3906 Gaudia
562 3833 582 3924 ;'
585 3839 655 3930 jam
671 3839 791 3907 Tliebae
807 3838 921 3932 juxta,
939 3853 973 3906 et
991 3838 1164 3906 tenebrosa
1180 3861 1317 3934 vorago.
1388 3893 1390 3896 .

417 3959 488 4027 Scis
505 3959 620 4042 miser,
638 3972 670 4026 et
688 3975 808 4027 uostrae
826 3959 953 4052 pridem
972 3960 1121 4028 cecinere
1138 3956 1301 4026 volucres.
1318 3986 1335 4021 »

465 4079 576 4162 Dixit,
594 4093 625 4145 et
642 4103 678 4145 os
697 4079 774 4148 lletu
793 4104 885 4173 paenc
904 4078 1095 4148 inviolabile
1112 4081 1234 4148 tinctus

923 4198 927 4230 l
