3094 5140
387 437 442 496 aas
693 425 906 484 rnannnos
926 423 1037 480 anan
1059 421 1110 477 rx.
1318 419 1352 478 tv.
1365 419 1436 482 με.)

384 552 706 656 Eliitgiumilraecne
736 549 827 622 ultro
848 547 1038 648 properasti
1055 546 1100 616 ed
1123 539 1256 639 proelia,
1274 567 1364 613 saeve

386 689 434 754 Ac
450 675 636 750 miserande
655 673 759 771 puer?
773 669 877 743 cruda
893 669 960 758 hen
977 667 1167 762 festinaque
1183 665 1289 734 virtus

387 802 511 888 Suasit,
528 813 563 870 et
577 795 744 868 hortatrix
763 794 907 864 animosi
928 788 1036 886 gloria
1051 788 1120 858 leti.

388 918 520 991 Scilicet
539 931 717 1014 tngtntum
732 909 933 1009 jamdudum
952 910 1150 1006 urgentibus
1167 910 1264 978 annis

389 1035 581 1110 Menalinm
596 1037 677 1124 tibi,
695 1059 815 1129 parve,
835 1057 967 1120 nemus,
984 1055 1112 1126 perque
1129 1045 1226 1100 antra
1245 1027 1398 1098 suanam

388 1160 455 1230 Vix
471 1157 637 1226 tutaesine
653 1169 760 1224 matre
777 1156 853 1239 vire,
872 1152 1036 1222 silvestria
1051 1153 1147 1246 eujus

389 1276 552 1350 Nondum
573 1274 638 1345 tela
657 1299 798 1369 procax,
814 1297 999 1366 arcumque
1018 1271 1158 1366 implere
1175 1269 1321 1340 valebas.

391 1401 436 1468 Et
453 1421 544 1466 nune
559 1394 616 1464 illo
635 1419 727 1464 meas
744 1395 914 1488 ingentem
932 1391 1061 1486 plangit
1080 1391 1123 1460 ad
1138 1416 1213 1460 eras

392 1516 573 1604 Invidiam,
593 1514 777 1609 surdasque
793 1513 899 1602 fores,
914 1529 948 1582 et
965 1513 1081 1582 limina
1096 1510 1206 1582 lassat,

392 1639 445 1708 Tu
462 1635 575 1705 dulces
597 1632 713 1722 lituos,
732 1630 929 1728 ulrdataque
944 1630 1060 1728 proelia
1082 1631 1221 1728 gaudes,

394 1755 502 1846 Felix,
521 1770 556 1824 et
573 1756 701 1824 miserae
720 1769 850 1824 tanturn
872 1754 1022 1848 periture
1041 1754 1205 1846 parentio

443 1879 497 1946 Ne
516 1890 626 1944 tamen
639 1888 790 1944 extremo
809 1871 933 1942 frustra
950 1874 1122 1942 morientis
1142 1874 1261 1944 honori

396 1994 552 2081 Alluerit,
570 1995 661 2062 venit
686 1995 721 2062 in
741 1992 868 2062 medios
889 1990 1032 2087 caligine
1049 1991 1141 2062 fulva

396 2118 497 2210 Septa
517 2112 649 2210 globos,
665 2114 880 2208 primumque
896 2111 985 2182 leves
1002 2111 1112 2182 furata
1127 2115 1261 2208 sagittas
1300 2203 1304 2210 .

397 2234 539 2310 Iudaeis
555 2251 651 2330 tergo
672 2235 786 2328 pueri,
803 2230 991 2304 coelestibus
1008 2231 1125 2327 implet

398 2360 547 2450 Coryton
567 2353 659 2442 telis,
675 2379 819 2448 qnorum
836 2355 908 2423 sine
926 2355 1089 2448 sangnine
1105 2355 1236 2426 nullum

398 2475 536 2571 Effugit.
559 2475 736 2546 Ambrosio
757 2488 838 2542 tunc
855 2475 983 2568 spargit
1003 2474 1154 2544 membra
1171 2473 1315 2569 liquore,

400 2597 535 2691 Spargit
553 2618 697 2688 equum,
714 2618 757 2662 ne
775 2618 843 2688 qno
864 2608 1044 2663 temeretur
1061 2593 1200 2664 vulnere
1215 2621 1339 2691 corpus

399 2717 487 2786 Ante
504 2738 636 2801 necem,
654 2727 839 2807 cantusque
857 2739 984 2802 sacros,
1002 2730 1037 2784 et
1056 2717 1191 2786 conscia
1208 2719 1327 2788 miscet

400 2837 593 2922 Murmura,
614 2835 751 2903 secretis
769 2859 843 2928 quae
858 2831 1036 2904 Colchidas
1057 2837 1127 2931 ipsa
1147 2838 1209 2906 sub
1224 2840 1331 2907 antris

404 2954 510 3022 Nocte
525 2953 640 3040 docet,-
658 2967 890 3047 monstratque
908 2954 994 3024 feras
1010 2958 1234 3048 querentibus
1257 2959 1388 3028 herbas.

348 3083 351 3090 '
451 3074 546 3141 Tunc
566 3096 646 3141 vero
663 3088 775 3141 exerto
794 3072 1014 3143 circumvolat
1032 3074 1150 3169 igneus
1169 3103 1265 3160 arcu,

403 3195 476 3262 Nec
494 3216 528 3260 se
544 3171 657 3261 mente
674 3193 776 3286 regit,
799 3192 930 3286 patriae,
951 3196 1151 3289 matrisque,
1170 3199 1286 3290 suique

348 3317 351 3324 “
403 3314 593 3397 Immemor,
612 3325 643 3379 et
667 3312 806 3379 nimium
825 3310 1013 3383 coelestibus
1032 3316 1140 3384 utitur
1158 3320 1268 3385 armis.

453 3433 503 3499 Ut
522 3430 588 3516 leo,
608 3431 661 3500 cui
679 3455 783 3524 parvo
802 3447 908 3502 mater
924 3431 1233 3524 Gaetula,cruentos

406 3552 562 3646 Suggerit
582 3551 654 3646 ipsa
672 3551 779 3638 cibos,
796 3576 902 3646 quum
921 3554 1071 3649 primum
1091 3579 1238 3626 crescere
1253 3561 1355 3628 sensit

344 3739 349 3751 ,
407 3669 503 3740 (3011.·Ι
515 3671 625 3764 jubis,
646 3684 828 3764 torvusque
848 3697 953 3742 novos
973 3674 1115 3768 respexit
1132 3675 1173 3744 ad
1193 3701 1339 3772 ungues,

408 3789 610 3885 Indignatur
629 3789 690 3873 ali,
709 3790 910 3886 tandemque
928 3795 1053 3876 effirsns
1070 3810 1204 3891 apertos

410 3910 511 3979 Liber
526 3923 615 3979 amat
633 3934 787 4004 campos,
803 3925 836 3980 et
855 3913 961 3982 nescit
978 3914 1015 3984 in
1033 3929 1131 3986 antra
1148 3919 1282 3988 reverti.

457 4030 568 4118 Quos,
583 4055 658 4125 age,
684 4031 863 4101 Parrhasio
881 4035 1018 4124 sternis,
1035 4061 1120 4130 puer
1144 4038 1311 4133 improbe,
1334 4039 1444 4108 cornu?
