3192 5148
116 517 201 572 mss.)
454 501 647 562 summu
667 505 777 560 metm
798 506 835 560 n.

216 633 258 697 Et
276 651 425 722 puppem
445 627 656 700 temerariam
673 630 851 714 Minervas,

216 751 313 817 Trita
324 741 456 836 vatibus
473 747 599 833 orbita,
616 761 823 841 sequantur:

217 872 270 937 Tu
285 892 381 937 carus
398 869 516 953 Latio,
538 892 733 960 memorque
744 869 858 963 ¹gentis

219 991 363 1059 Carmen
373 986 500 1070 tortior
516 1011 629 1058 exores
646 1001 798 1082 togatum
816 1013 834 1054 ι.

107 1127 109 1134 “
220 1111 270 1176 Ac
286 1109 448 1202 primum,
466 1107 588 1178 teneris
607 1105 718 1176 adbuc
736 1107 771 1174 in
790 1109 906 1192 annia,

219 1225 330 1295 Ludes
347 1229 513 1314 Hectora,
529 1224 773 1318 Thessalosque
788 1250 926 1312 currus,

217 1349 262 1414 Et
279 1344 419 1441 supplex
437 1346 562 1416 Priami
581 1346 728 1441 potentis
748 1369 877 1414 aurum.

220 1468 273 1534 Tu
290 1463 384 1534 sedes
400 1464 562 1534 reserabis
580 1463 782 1550 inferorum

221 1587 376 1679 Ingratus
394 1585 486 1660 Nero
502 1583 655 1654 dulcibus
674 1584 811 1656 theatris
843 1585 858 1602 ⁸

221 1709 264 1774 Et
282 1719 394 1790 noster
410 1705 470 1772 tibi
486 1704 678 1799 proferetur
694 1703 862 1799 Orpheus.
929 1763 930 1768 ,
1054 1751 1056 1754 -
1096 1720 1098 1724 ’

222 1826 323 1894 Dices
339 1822 541 1906 culminibus
558 1825 655 1898 Remi
674 1837 858 1919 vagantes,
992 1827 998 1839 “
1027 1883 1029 1890 ⁴

222 1943 382 2014 Infandos
398 1943 528 2014 domiui
545 1944 698 2020 nocentis
714 1945 817 2038 ignes.

218 2067 275 2132 ‘Tu
290 2076 388 2132 casta
405 2061 541 2146 titulum
559 2062 726 2156 decusque
740 2061 842 2134 Pollae

223 2187 241 2250 J
244 2182 375 2252 ucunda
393 2182 486 2252 dabis
503 2181 716 2254 allocutione.

246 2334 264 2369 a
274 2303 373 2388 Mox,
388 2316 496 2397 coepta
514 2303 708 2398 generosior
720 2302 872 2394 juventa,

223 2419 328 2491 Albos
346 2423 474 2491 ossibus
491 2421 584 2491 Italis
596 2419 795 2516 Philippos,

224 2543 267 2609 Et
282 2539 472 2611 Pharsalica
488 2540 575 2612 bella
596 2541 785 2628 detonabis,

222 2661 266 2728 Et
282 2659 409 2730 fulmen
426 2661 519 2731 ducis
538 2663 736 2742 interamna
753 2663 849 2749 Divi3

222 2779 391 2850 Libertate
411 2805 548 2877 gravem
566 2783 622 2877 pia
641 2784 821 2868 Catonem,
865 2843 867 2850 .

225 2903 269 2968 Et
289 2914 421 2996 gratum
439 2900 664 2996 popularitate
680 2904 855 2997 Magnum.
969 2965 970 2970 ,

224 3021 276 3088 Tu
292 3019 454 3091 Pelusiaci
474 3021 580 3092 scelus
598 3024 729 3117 Canopi

225 3139 370 3209 Deflebis
387 3143 477 3236 pius3
495 3156 529 3212 et
545 3144 656 3224 Pharo
671 3158 812 3218 cruenta

224 3239 385 3357 Pompeio
403 3261 496 3346 dabis
513 3262 611 3334 altius
629 3262 829 3358 sepulcrum.
890 3313 902 3328 a
1011 3321 1013 3328 ,

244 3412 262 3448 a
275 3384 353 3451 Haec
370 3384 480 3477 primo
494 3384 628 3478 juvenis
644 3409 743 3456 canes
758 3385 821 3453 sub
836 3409 923 3470 aevo,
991 3439 993 3446 ,

228 3504 317 3572 Ante
333 3527 439 3572 annos
456 3503 581 3574 Culicis
597 3479 799 3582 Maroniani.
832 3525 842 3558 s

227 3622 332 3692 Cedet
349 3625 557 3712 Musarudis
573 3626 692 3694 ferocia
708 3625 796 3696 Enni

226 3747 268 3812 Et
287 3742 377 3814 docti
395 3745 489 3814 furor
505 3745 629 3842 arduus
645 3747 796 3834 Lucreti,

227 3867 269 3934 Et
285 3866 344 3958 qui
363 3890 423 3960 per
440 3865 633 3950 fretaducit
649 3869 877 3962 Argonautas,

228 3988 271 4056 Et
289 3988 348 4081 qui
366 4011 508 4082 corpora
525 3988 634 4082 prima
651 3987 874 4082 transfigurat.

227 4106 320 4196 Quin
340 4106 447 4199 majus
465 4104 600 4201 loquor3
611 4107 688 4202 ,ipsa
707 4121 738 4175 te
755 4109 885 4178 Latinis
