3206 5136
165 476 283 542 nasas>
495 473 709 530 rnnntmos
731 475 841 530 urana
865 473 899 527 v.
964 487 972 496 ·
1181 472 1215 528 53

165 582 1215 698 TemplaJovis(quidenimhaudlicilum?)feratimpiusignis,
1255 669 1258 676 ,

166 727 203 794 Si
218 723 334 811 vilem,
349 725 438 792 tanti
449 736 639 817 premerent
654 745 758 816 quum
775 736 910 814 pectora
924 718 1053 808 luctus,

167 849 208 914 Iu
224 844 382 914 famulam
393 845 449 938 jus
463 869 534 912 esse
548 857 655 928 ratus,
671 841 891 934 dominoque,
906 840 1060 934 ducique.

167 947 238 1034 Sed
249 965 341 1034 videt
355 965 435 1052 hoc,
452 962 544 1032 videt
560 961 616 1032 ille
632 967 741 1033 Deum
758 977 932 1056 regnator,
949 976 982 1030 et
998 965 1087 1032 ausis

166 1088 250 1154 Sera
269 1085 423 1178 quidem,
442 1098 555 1152 manet
576 1084 624 1152 ira
645 1098 770 1152 tamen.
784 1111 801 1146 a
823 1084 878 1152 Sic
898 1081 1001 1170 fatus,
1022 1098 1056 1152 et
1076 1107 1168 1154 arces

50 1259 55 1268 .
166 1206 333 1298 Respicit,
353 1220 454 1298 atque
471 1201 540 1273 illic
561 1202 626 1272 alio
646 1204 829 1273 certamine
847 1201 924 1272 belli

165 1330 268 1396 Tecta
288 1327 439 1395 fremunt
459 1352 467 1394 :
488 1324 639 1395 volucres
657 1326 809 1419 equiturn
832 1339 1045 1417 preverterat
1066 1323 1134 1394 alas

167 1452 269 1517 Fama
289 1472 422 1533 recens,
443 1447 593 1542 geminos
612 1444 673 1514 alis
693 1444 847 1539 amplexa
867 1445 1043 1516 tumultus.

167 1565 220 1634 llli
239 1567 280 1636 ad
300 1567 369 1636 fata
387 1569 478 1660 rapi,
494 1581 595 1660 atque
611 1564 660 1634 illi
673 1566 743 1660 jam
760 1567 961 1636 occumbere
978 1565 1071 1655 leto,-

166 1691 223 1758 Sic
244 1690 399 1757 meritam
417 1685 626 1780 Hypsipylen
645 1688 769 1755 iterant
788 1714 795 1754 :
814 1687 1041 1781 creduntque,
1059 1714 1121 1758 nec
1138 1691 1195 1756 irae

166 1810 222 1876 Fit
239 1833 334 1877 mora
354 1834 362 1876 :
380 1808 517 1901 jamque
537 1805 643 1894 laces,
663 1821 699 1874 et
719 1805 785 1875 tela
803 1809 978 1900 penatibus
998 1811 1134 1878 instant.

167 1931 307 1997 Vertere
326 1929 430 2023 regna
449 1927 618 2014 fremunt,
638 1941 839 2022 raptumque
858 1928 990 1998 auferre
1006 1933 1218 2024 Lycurgum,

168 2053 255 2118 Cum
270 2051 370 2137 Jove,
391 2072 536 2141 cumque
553 2048 619 2116 aris
637 2073 645 2115 :
662 2063 822 2116 resonant
838 2046 1021 2118 ululatibus
1037 2049 1123 2118 aedes
1154 2107 1155 2110 ,

169 2171 351 2257 Femineis,
372 2193 556 2262 versusque
574 2167 671 2237 dolor
689 2168 748 2236 dat
765 2183 859 2263 terga
880 2171 1003 2237 timori.

218 2289 395 2385 Alipedum
416 2314 517 2360 curru
536 2289 593 2358 sed
614 2290 704 2358 enim
725 2287 876 2358 sublimis
896 2289 1058 2359 Adrastus

170 2415 290 2480 Secum
304 2426 382 2480 ante
397 2435 457 2480 ora
471 2410 582 2479 virum
596 2409 816 2479 fremebunda
829 2409 1019 2482 Thoantida
1034 2425 1172 2505 portans

169 2533 202 2600 It
218 2529 347 2600 medius
364 2531 502 2619 turmis,
518 2545 569 2615 et,
587 2531 763 2615 «Parcite,
782 2530 925 2624 parcite,
941 2528 1074 2603 clamat.

169 2650 227 2720 Nil
247 2667 358 2722 aetum
377 2677 462 2722 seve
481 2652 647 2720 :meritus
666 2678 727 2722 nec
744 2649 809 2721 tale
826 2656 1001 2749 Lyeurgus

171 2773 382 2860 Exscidium,
403 2774 556 2868 gratique
577 2774 744 2842 inventrix
765 2773 912 2842 fluminis
932 2799 1018 2843 ecce.
1031 2805 1048 2838 a

222 2895 276 2962 Sic
293 2894 351 2962 ubi
368 2891 506 2962 diversis
524 2895 629 2961 maria
646 2908 796 2962 evertere
812 2891 966 2988 procellis

169 3014 257 3082 Hinc
273 3015 411 3100 Boreas,
427 3017 621 3106 Eurusque,
638 3011 730 3081 illinc
746 3013 843 3107 niger
859 3014 1021 3082 imbribus
1038 3018 1171 3099 Auster,

169 3131 269 3202 Pulsa
287 3133 373 3221 dies,
391 3147 600 3228 regnantque
616 3133 756 3220 hiemes,
772 3134 864 3201 venit
881 3137 1025 3227 aequoris
1041 3133 1099 3204 alti

170 3257 243 3321 Rex
262 3251 414 3322 sublimis
434 3254 546 3346 equis,
569 3254 790 3348 geminusque
809 3253 852 3321 ad
870 3280 1006 3348 spumea
1028 3257 1147 3324 Triton

169 3375 277 3442 Frena
297 3387 437 3467 natans,
458 3371 524 3442 late
544 3371 663 3468 pelago
684 3373 741 3442 dat
762 3375 860 3469 signa
881 3374 1032 3444 cadenti:

169 3497 214 3562 Et
228 3494 298 3586 jam
316 3491 417 3588 plana
433 3494 568 3580 Thetis,
585 3508 804 3588 montesque,
824 3511 858 3564 et
874 3494 975 3564 litora
992 3513 1158 3566 crescunt.

218 3613 306 3702 Quis
324 3615 492 3707 Superum
509 3627 604 3682 tanto
624 3612 748 3683 solatus
768 3615 884 3685 limera
903 3631 982 3684 voto

169 3735 326 3803 Pensavit
344 3731 526 3828 lacrymas?
545 3735 751 3827 inopinaque
773 3734 895 3829 gaudia
917 3753 1040 3806 moestae

169 3855 313 3926 Rettulit
329 3853 540 3950 Hypsipylae?
557 3857 608 3923 Tu
626 3856 734 3948 gentis
750 3855 921 3944 conditor,
938 3861 1050 3946 Eran,
1128 3895 1130 3898 ·

169 3977 237 4065 Qui
257 3977 417 4071 geminos*
424 3976 564 4069 juvenes
581 3977 699 4044 Lemni
718 3975 759 4044 de
777 3975 873 4046 litore
890 3993 1002 4047 vectos

170 4095 334 4166 lntuleras
352 4099 500 4182 Nemea,
521 4094 741 4188 mirandaque
760 4097 827 4165 fata
846 4099 996 4192 parabas.
