3192 5148
395 557 431 596 ao
754 543 785 596 P.
808 541 932 598 runnu
954 541 1078 598 stam
1360 548 1441 602 tntu-l

442 663 534 753 Quid
551 664 656 733 bifera
670 663 800 734 Alcinoi
817 664 949 734 laudern
967 665 1143 759 pomaria?
1158 687 1300 759 vosque,

392 784 461 873 Qui
478 808 651 877 nunquam
666 786 763 854 vacui
778 785 935 879 prodistis
949 787 985 852 in
1000 786 1138 870 aethera,
1156 784 1260 854 rami?

394 902 525 971 Cedant
538 899 719 1000 Telegoni,
734 903 855 992 cedant
869 905 1050 975 Laurentia
1067 906 1174 973 Turni

392 1025 530 1118 lugere,
545 1027 765 1119 Lucrinaeque
780 1025 915 1110 doinus,
931 1022 1077 1118 litusque
1093 1025 1224 1092 cruenti

393 1145 583 1238 Antiphatae
598 1172 607 1214 ε
625 1147 745 1216 cedant
760 1147 872 1214 vitrea
881 1147 964 1239 juga
980 1143 1107 1239 perfida
1123 1146 1254 1230 Circes,

391 1261 557 1336 Dulichiis
572 1264 699 1334 ululata
716 1264 821 1359 lupis,
836 1287 993 1360 arcesque
1008 1264 1142 1358 superbi

393 1385 556 1470 Anxuris,
574 1399 607 1454 et
621 1386 714 1455 sedes
729 1386 875 1481 Phrygio
892 1409 975 1480 quas
988 1385 1079 1453 mitis
1095 1382 1232 1453 alumno

393 1503 502 1572 Debet
516 1527 599 1572 anus
616 1504 777 1592 :·cedant,
794 1529 868 1600 quae
885 1518 932 1591 te,
946 1505 1016 1597 jam
1031 1501 1155 1572 solibus
1170 1504 1288 1590 arctis,

394 1623 497 1691 Antia
513 1623 665 1693 nimbosa
681 1625 887 1694 revocabunt
902 1622 1003 1692 litora
1018 1625 1147 1692 bruma.

394 1740 525 1812 Scilicet
541 1744 596 1813 hic
611 1743 659 1813 illi
674 1745 880 1814 meditantur
896 1741 1047 1838 pondera
1061 1767 1170 1812 mores
1187 1769 1195 1809 :

393 1861 457 1929 Hic
473 1864 636 1955 premitur
652 1863 795 1934 fecunda
808 1865 925 1956 quies,
941 1864 1114 1956 virtusque
1129 1886 1245 1930 serena

393 1981 518 2050 Fronte
534 1984 660 2078 gravis,
677 1985 843 2076 sanusque
859 1979 970 2068 decor,
987 1980 1134 2074 luxuque
1149 1969 1297 2050 carentes

393 2098 545 2190 Deliciae,
561 2127 644 2197 quas
660 2104 732 2198 ipsc
746 2105 814 2172 suis
831 2102 997 2198 digressus
1015 2101 1152 2174 Athenis
1277 2179 1280 2185 ¹

393 2219 512 2289 Mallet
527 2221 658 2291 deserto
673 2224 786 2292 senior
801 2222 997 2316 Gargettius
1013 2220 1122 2289 horto.

393 2344 472 2410 Haec
488 2356 597 2435 peret
613 2345 731 2437 AEgeas
745 2341 886 2426 hiemes,
903 2339 1124 2434 Pliadumque
1141 2341 1294 2408 nivosum
1307 2385 1310 2390 -

394 2459 506 2550 Sidus‚
521 2474 555 2530 et
572 2459 701 2530 Oleniis
717 2459 857 2554 dignuin
874 2460 1005 2554 petiisse
1021 2459 1083 2527 sub
1099 2460 1206 2528 astris.

395 2581 429 2648 Si
444 2579 563 2650 Malea
579 2579 746 2650 credenda
761 2580 859 2667 ratis,
874 2576 1067 2672 Siculosque
1082 2573 1141 2671 per
1156 2571 1254 2646 aestus

395 2700 446 2768 Sit
461 2699 534 2787 via,
549 2723 610 2768 cur
624 2696 730 2768 oculis
745 2698 858 2767 sordet
873 2699 983 2766 vicina
999 2696 1172 2791 voluptas?

394 2819 458 2887 Hic
475 2832 533 2887 tua
547 2818 704 2887 Tiburtes
719 2822 852 2888 Faunos
867 2816 994 2912 chelys,
1009 2831 1043 2886 et
1055 2819 1151 2911 juvat
1168 2811 1289 2912 ipsum

396 2936 554 3027 Alciden,
570 2935 764 3031 dictumque
778 2937 851 3032 lyra
865 2939 992 3032 majore
1007 2936 1167 3007 Catillum
1185 2963 1193 3005 ε

395 3059 461 3126 seu
478 3059 538 3126 tibi
550 3056 737 3130 Pindaricis
753 3058 884 3126 animus
900 3051 1103 3126 contendere
1120 3056 1271 3151 plectris,

395 3179 473 3247 Sive
492 3175 610 3272 chelyn
627 3175 725 3246 tollas
741 3177 845 3246 heroa
859 3176 902 3246 ad
918 3178 1063 3266 robora,
1073 3179 1142 3246 sive

395 3299 571 3368 Liventem
586 3298 721 3382 satiram
737 3299 834 3393 nigra
849 3298 1002 3393 rubigine
1019 3298 1131 3367 turbes
1148 3323 1156 3364 :

397 3420 464 3486 Seu
482 3418 542 3486 tibi
557 3442 627 3485 non
642 3415 708 3485 alia
722 3414 931 3511 splendescat
945 3416 1087 3511 epistola
1101 3411 1191 3487 cura.

396 3537 508 3632 Digne
522 3536 638 3626 Midae,
655 3537 829 3630 Croesique
845 3537 958 3622 bonis,
975 3551 1008 3605 et
1020 3535 1158 3632 'Perside
1173 3560 1268 3633 gaza,

400 3657 512 3726 Macte
525 3657 622 3726 bonis
636 3657 741 3726 animi
754 3653 762 3725 l
780 3657 874 3750 cujus
890 3657 1080 3751 stagnantia
1094 3651 1174 3725 rura
1239 3703 1241 3708 .

398 3777 527 3846 Debuit
543 3793 576 3846 et
591 3777 685 3846 flavis
701 3781 845 3868 Hermus
862 3773 1089 3845 transcurrere
1105 3777 1205 3869 ripis,

398 3899 442 3965 Et
457 3893 538 3964 limo
554 3895 750 3990 splendente
765 3899 886 3990 Tagus.
905 3896 959 3964 Sic
974 3892 1072 3965 docta
1086 3889 1275 3988 frequentes

400 4017 500 4102 Otia;
515 4015 562 4084 sic
578 4017 672 4084 omni
686 4015 835 4086 detersus
850 4029 986 4109 pectora
1001 4014 1092 4083 nube

400 4138 517 4208 Finem
533 4138 703 4208 Nestoreae
723 4162 842 4207 recor.
852 4132 1191 4230 egrediare'senectae!
