3206 5136
421 496 479 569 298
801 495 1103 554 annotanollas

463 611 636 668 Neestamm
655 611 780 668 incendit
799 613 905 668 mictu
924 609 965 690 (r.
982 611 1061 690 631).
1081 613 1249 670 «Pestilenti
1269 617 1365 672 calore
1390 618 1474 690 plena

416 705 522 760 nebula
536 703 633 759 omnia
646 703 753 761 obruit.
767 728 779 752 υ
791 706 892 760 Gnoss.
910 704 1047 760 Similiter
1063 705 1191 762 Laetam.

458 799 606 854 Exercitus
619 797 682 852 abir
702 795 741 873 (ν.
756 795 834 872 666).
851 799 961 854 «Poeta
975 799 1031 854 hoc
1048 800 1111 854 vult
1125 799 1261 876 intelligi,
1275 799 1397 856 invitum
1410 803 1470 860 Co-

417 893 531 950 roebum
543 889 679 964 precibus
693 889 797 946 civim
808 891 934 948 amortis
948 892 1107 948 discessisse
1120 893 1305 966 proposito.»
1326 897 1412 950 Lacr.

458 986 570 1042 Erravit
584 985 678 1058 pietas
693 981 730 1060 (r.
751 982 829 1061 690)
845 986 915 1040 Tam
929 985 958 1040 in
979 994 1101 1060 paterno
1120 985 1237 1060 qttidcm
1253 1005 1340 1062 quarn
1358 986 1388 1043 in
1408 1007 1470 1044 na·

415 1091 499 1136 terno
508 1096 613 1155 genere
623 1097 630 1130 :
640 1086 792 1151 paternum
802 1077 886 1134 duxit
900 1077 1041 1135 Adrastus
1050 1079 1087 1134 ab
1095 1081 1195 1149 AEolo,
1204 1079 1284 1152 cujus
1294 1079 1369 1138 lilius
1383 1083 1471 1138 Atha-

414 1189 474 1228 mas
486 1171 645 1228 Learchum
662 1167 754 1226 liliam
767 1169 877 1245 sagittis
894 1169 1032 1241 confixit,
1052 1173 1233 1245 alterumque
1248 1173 1394 1248 Phryxum
1409 1175 1471 1230 lori

413 1263 562 1322 immolare
573 1262 681 1334 voluit3
695 1273 882 1320 maternuma
895 1263 1022 1334 Tantali,
1037 1263 1073 1320 de
1087 1263 1170 1336 cujus
1185 1275 1213 1320 et
1226 1264 1340 1339 Pelopis
1353 1267 1472 1339 posteris

413 1357 510 1414 omnia
523 1355 749 1412 nota-liebus
762 1357 909 1424 secundis,
926 1375 998 1431 quas
1015 1376 1075 1413 non
1088 1357 1143 1412 nisi
1156 1357 1292 1414 virtutem
1309 1359 1390 1433 sequi
1405 1361 1470 1414 olim

413 1449 620 1524 opinabantur,
640 1447 779 1504 infaustas
791 1466 862 1505 vero
877 1467 894 1506 a
908 1449 1064 1506 sceleribus
1085 1445 1240 1524 proficisci.

454 1545 495 1600 Bt
507 1542 655 1600 assensum
663 1543 775 1618 pelago
788 1559 845 1597 non
858 1561 986 1617 quceeere
999 1543 1093 1598 Delon
1109 1540 1147 1620 (v.
1165 1542 1243 1616 7⁰²l·
1258 1543 1338 1599 «Seu
1352 1553 1381 1599 te
1392 1543 1470 1616 jurat

411 1637 507 1694 Delon
518 1634 614 1692 statim
627 1633 788 1705 inventam,
802 1653 856 1690 nec
863 1635 985 1709 amplius
994 1633 1024 1690 in
1038 1635 1110 1691 mari
1123 1653 1225 1710 vagam
1234 1631 1312 1712 (nam
1325 1637 1469 1690 asscitum

412 1738 455 1785 cst
468 1723 626 1806 stabilem),
640 1727 771 1784 inrisere.
790 1727 915 1785 Dicendi
935 1728 1041 1784 modus
1055 1729 1083 1784 h.
1100 1728 1119 1783 l.
1133 1728 1223 1784 mirus
1236 1745 1290 1784 nee
1304 1727 1399 1785 hercle
1413 1729 1469 1784 ele·

411 1839 489 1896 gans.
499 1845 512 1872 n
527 1821 611 1876 Wrn.
628 1822 725 1889 Quare
737 1818 903 1876 Lactantius
918 1821 1095 1876 contrarium
1109 1819 1250 1876 intellexit
1260 1839 1267 1875 τ
1277 1845 1289 1871 α
1300 1823 1358 1878 Seu
1370 1831 1398 1876 te
1412 1839 1468 1876 non

409 1915 491 1987 juvat
504 1932 564 1970 esse
583 1912 613 1968 in
625 1914 710 1983 Delo,
726 1931 790 1986 qnae
800 1912 985 1970 instabilitate
998 1931 1048 1970 sua
1067 1925 1109 1970 est
1121 1914 1227 1988 hospes
1240 1915 1359 1970 litorum
1373 1913 1466 1970 diver-

410 2027 516 2070 sum.
531 2031 544 2058 s
559 2008 660 2064 Paullo
673 2016 740 2082 post
754 2006 876 2062 aetherei
880 2019 1019 2082 parentes
1029 2019 1096 2064 sunt
1108 2009 1124 2066 J
1128 2007 1224 2081 upiter
1236 2019 1265 2063 et
1281 2011 1407 2079 Latona;
1420 2009 1466 2064 scd

409 2120 477 2158 vere
489 2099 644 2174 conjecisse
655 2111 729 2176 puto
745 2101 905 2158 Weberum
915 2121 922 2155 :
933 2102 991 2157 «Et
1004 2100 1119 2157 aetherei
1133 2101 1213 2157 dono
1225 2119 1333 2158 cessere
1344 2103 1465 2176 parenzo

410 2197 558 2252 AEternnm
567 2192 672 2252 florere
678 2213 794 2270 genten
804 2193 886 2269 quod
895 2203 924 2250 et
933 2194 1093 2252 Statianum
1103 2196 1225 2252 maxime
1234 2205 1262 2250 et
1271 2206 1364 2252 toturn
1372 2197 1462 2252 loemn

409 2289 502 2346 indea
515 2307 542 2345 r.
564 2290 636 2346 Telo
651 2286 724 2344 mire
738 2287 829 2362 erigit.

450 2382 568 2458 Phryga
586 2380 724 2437 subnsittis
742 2381 863 2436 eatbam
876 2377 914 2457 (v.
931 2379 1009 2458 709).
1027 2381 1093 2438 scit.
1108 2393 1163 2438 tuae
1177 2385 1330 2458 Marsyam.

804 2623 844 2678 IN
866 2623 1015 2678 LIBRUM
1035 2622 1075 2677 11.

451 2842 553 2914 Styx...
563 2858 661 2896 novem
677 2837 839 2912 circumflua
853 2835 990 2916 eampse(
1011 2879 1018 2893 .
1035 2835 1078 2916 5).
1093 2837 1209 2895 Scilicet
1220 2857 1297 2912 quos
1311 2839 1398 2897 eflicit
1411 2861 1461 2897 no-

406 2955 472 2992 vem
480 2933 595 2991 fluentis
604 2934 671 3004 suis,
678 2943 816 3006 tanquam
829 2929 943 2990 insulas.
953 2931 1098 2987 inutiliter
1106 2949 1177 3006 ergo
1185 2933 1330 2992 bentleius
1339 2936 1461 3009 apliid-

408 3028 487 3086 dium
500 3027 538 3083 ad
554 3027 665 3083 Dawes.
685 3025 787 3093 Mae,
806 3043 836 3099 p.
850 3023 919 3094 647,
934 3023 1059 3098 conjecit
1071 3025 1145 3080 riuis.

448 3119 572 3191 Major...
583 3120 708 3192 Erinnys
718 3115 757 3196 (r.
769 3113 828 3193 ao).
837 3119 956 3174 Poterat
963 3135 1022 3173 esse
1031 3117 1124 3191 simpl.
1131 3121 1304 3192 grandaeva,
1320 3131 1353 3176 ut
1360 3121 1459 3186 satior,

407 3225 435 3271 ct
448 3213 565 3286 similla,
577 3211 731 3288 dequibus
743 3209 783 3268 ad
798 3211 880 3278 Sile,
897 3229 924 3282 r,
942 3229 973 3282 1,
992 3211 1119 3281 ron;sed
1128 3223 1206 3268 reete
1217 3211 1415 3270 Wakefieldns
1427 3213 1459 3270 ad

406 3309 501 3366 AEsch.
523 3309 642 3362 Enmcn.
651 3345 662 3373 ‚
685 3302 741 3360 150
762 3325 769 3359 τ
788 3314 850 3374 Nise
872 3308 902 3365 tt
924 3315 1012 3384 γραίας
1030 3307 1152 3384 δαίμονας
1171 3315 1326 3368 καθιππάσω
1340 3303 1351 3384 (
1357 3310 1460 3382 Apollo

405 3401 536 3479 Furias),
551 3397 692 3456 intellexit
704 3407 861 3477 sspsnburlpn
876 3407 941 3470 Διός,
955 3397 1037 3473 quod
1050 3398 1224 3455 Eumenides
1236 3397 1275 3454 ad
1287 3401 1405 3456 Saturni
1417 3419 1459 3456 ne-

406 3513 494 3568 gnum
512 3493 661 3550 recedunt.
670 3523 711 3534 -
719 3493 813 3548 Antea
830 3509 858 3547 v.
879 3510 911 3547 11
928 3493 1041 3548 medaba
1054 3493 1141 3567 uirga
1155 3502 1197 3548 est
1217 3493 1365 3549 Mercurii.

445 3587 511 3643 Non
528 3587 628 3641 andan
640 3585 778 3640 scandere
783 3583 893 3658 flnctus
909 3583 952 3661 (v.
975 3581 1148 3662 lsi)·¹1i⁰¹¹
1168 3587 1245 3641 ultra
1259 3583 1331 3641 fines
1345 3585 1458 3641 litor-nm

405 3677 625 3756 progrediens.»
639 3679 725 3734 Lacr.
741 3679 849 3734 Versus
863 3689 991 3753 quatuor
1006 3680 1101 3750 37-40
1115 3679 1219 3735 desunt
1232 3677 1262 3734 in
1276 3679 1374 3735 mssltis
1386 3699 1457 3743 mss,

406 3775 491 3832 etiarn
502 3774 611 3848 Regg.,
624 3790 720 3846 neque
739 3771 775 3826 ab
790 3771 941 3827 Lactantio
955 3769 1088 3845 explicati
1096 3791 1104 3841 ;
1123 3789 1191 3828 sane
1208 3772 1284 3827 altra
1302 3772 1455 3844 perfeetum

405 3869 566 3936 emuntur,
581 3867 627 3920 vel
646 3865 683 3921 ab
698 3865 762 3939 ipso
782 3875 869 3939 poeta
883 3864 984 3936 deleti,
998 3865 1044 3920 vel
1065 3863 1181 3920 aliunde
1194 3865 1253 3920 bac
1268 3865 1405 3921 manslati

444 3957 608 4034 Mediaque
620 3959 735 4014 silentia
747 3960 838 4014 ιωιω
851 3955 888 4034 (v.
905 3955 963 4037 58).
976 3959 1065 4014 Recte
1074 3975 1134 4031 pro
1147 3956 1296 4012 usitatiore
1310 3959 1405 4013 medm
1418 3959 1455 4010 si-

405 4055 512 4122 lentio,
531 4062 560 4109 et
581 4051 682 4108 mellus
695 4070 782 4128 quam
795 4064 939 4128 mutaeque
952 4052 996 4106 sil.
1011 4053 1062 4121 L.‚
1082 4050 1164 4126 quod
1178 4051 1338 4124 repositum
1353 4051 1399 4106 bic
1417 4061 1453 4106 est

404 4169 418 4204 u
435 4144 623 4203 l'alckcnario
638 4145 675 4201 ad
691 4148 823 4201 Ammon.
840 4147 946 4214 Anien,
968 4162 996 4218 p.
1017 4142 1080 4198 135.
