3206 5136
421 523 463 579 ΙΝ
484 526 515 579 P.
537 525 567 582 P.
589 523 716 580 STATII
738 524 834 582 SILV.
856 525 927 581 LIB.
949 526 1000 581 lv.
1178 528 1234 598 275

224 643 398 717 Sordidaque
419 641 479 716 tofo
497 637 537 718 (v.
560 637 621 720 53).
640 639 775 702 Hehdm
791 639 984 717 probabiliter
1003 661 1013 697 t
1034 642 1147 699 tomilo.
1162 642 1235 700 Vide

179 739 302 794 Manu.

224 832 278 888 His
289 847 399 904 parvas
413 825 452 906 (r.
467 825 506 903 59
519 824 585 906 sq.)-
605 851 618 878 ε
632 828 697 886 flor
709 837 767 900 est,
782 827 814 888 Si
826 838 860 886 tu
875 829 982 902 uelles,
1001 828 1182 902 Domitiano,
1194 832 1237 888 ha

181 943 284 984 manns
297 922 380 980 lecile
389 921 545 994 Isthmum,
557 937 680 995 porrum
691 921 751 995 jem
763 940 818 980 nec
829 922 928 998 mgni
940 923 1037 998 operis
1050 924 1238 988 censendum.

183 1017 388 1096 perfoderent,
406 1033 461 1071 nee
477 1012 546 1090 ipsis
565 1015 714 1074 obstarent
726 1017 860 1088 Leelsee,
878 1033 943 1091 que
956 1015 1057 1074 ueteris
1070 1013 1237 1094 (Demetrio

185 1113 260 1189 regi,
279 1112 394 1184 Caesari,
408 1109 520 1168 Neroni
531 1111 589 1168 hoc
610 1108 799 1190 tentantibus)
815 1111 1054 1188 inexpugnabiles
1075 1112 1170 1184 fuere,
1188 1123 1239 1170 aut

183 1227 249 1282 quae
273 1205 430 1263 maximum
453 1203 604 1282 negotium
627 1204 763 1262 lacerent.
777 1228 791 1256 ι
808 1207 922 1275 Goon,
941 1204 995 1280 qui
1015 1205 1100 1280 plara
1121 1224 1151 1280 p.
1180 1206 1235 1262 261

181 1319 249 1376 sqq.
264 1302 308 1357 De
329 1316 402 1354 voce
416 1298 546 1366 laeelseo,
561 1317 619 1372 pro
632 1316 693 1373 quo
708 1296 801 1354 (heri
821 1307 940 1376 Λέχαιον,
953 1298 1079 1355 Romani
1098 1297 1235 1366 Lenieoe,

181 1392 260 1462 sire,
280 1402 313 1447 ut
335 1389 442 1448 Statius
461 1390 546 1462 alibi,
559 1391 710 1448 Lechaeum
716 1429 726 1458 ,
741 1389 809 1448 vide
832 1391 946 1448 ‹loetarn
965 1401 1028 1448 not.
1046 1390 1166 1462 Marii,
1185 1389 1239 1448 uhi

182 1495 281 1542 tamen
292 1493 423 1558 tempora
438 1494 467 1540 et
479 1501 601 1558 poeseos
616 1501 722 1559 &uere
732 1503 792 1540 non
805 1483 872 1541 satis
887 1483 1045 1560 distinguit.
1061 1483 1196 1541 Ceterrnn
1208 1483 1239 1541 in

181 1595 273 1654 marg.
297 1577 361 1634 cod.
381 1577 470 1634 Paris.
488 1596 496 1634 e
519 1577 577 1632 nisi
591 1577 680 1634 devie
695 1589 838 1645 remeent,
863 1587 896 1632 ut
908 1575 994 1634 etiarn
1012 1577 1080 1634 edd.
1100 1577 1213 1653 aliquot
1229 1600 1238 1648 ;

181 1669 317 1744 iutelligit
343 1671 439 1726 deveas
465 1689 531 1726 aves
551 1666 613 1746 (ap.
636 1667 756 1740 oriat,
775 1668 808 1725 id
825 1679 867 1726 est
885 1672 960 1727 mala
981 1670 1077 1728 omina
1099 1672 1238 1741 ferentes,

184 1763 219 1818 G.
236 1761 347 1817 Bachet
358 1763 395 1818 de
408 1763 568 1830 Mesenae,
586 1761 738 1818 commen
759 1782 810 1818 sur
822 1765 864 1818 les
877 1750 1008 1838 Epeiros
1021 1763 1156 1830 d’ovide,
1171 1773 1192 1820 t.
1207 1782 1239 1834 1,

181 1873 213 1929 p.
231 1851 286 1911 185
300 1873 342 1930 sq.

223 1945 314 2016 Hujus
315 1943 456 2023 janua(r.
465 1965 502 2022 97
518 1943 583 2022 sq.).
590 1945 755 2022 incipiebat
768 1947 814 2003 ria
828 1946 995 2005 Domitiana
1010 1949 1047 2005 ab
1057 1967 1127 2006 areu
1139 1947 1240 2004 trium-

182 2039 261 2114 phali
280 2037 454 2109 Domitiani3
467 2058 494 2094 v.
515 2041 636 2095 Manno.
1306 2038 1308 2044 '

222 2127 358 2210 Imbri(r.
378 2131 454 2208 roo).
469 2135 492 2189 l.
507 2151 532 2188 e.
548 2149 640 2207 quum
652 2131 750 2207 pluit:
767 2132 819 2190 sed
826 2145 914 2208 poeta
929 2133 1043 2210 dignius
1059 2153 1067 2189 ε
1082 2135 1239 2203 «Quantus

182 2225 357 2300 nubilaque
372 2234 494 2282 coronat
513 2227 588 2292 Iris,
605 2249 617 2276 ι»
632 2235 665 2281 ut
677 2224 807 2300 reposuit
817 2227 962 2300 probante
976 2225 1078 2283 Markl.
1096 2223 1238 2283 Heinsius.

184 2319 257 2376 eod.
273 2317 365 2375 nhed.
382 2320 440 2375 Iris
453 2318 541 2374 habet
555 2317 585 2373 in
599 2317 694 2374 litura.

223 2415 259 2470 V.
278 2429 343 2469 ιιι.
357 2413 442 2468 lianc
464 2429 579 2468 versum
596 2411 627 2466 in
642 2411 722 2468 Mss.
743 2423 771 2468 et
793 2411 860 2469 edd.
876 2411 1012 2469 omnibus
1028 2420 1191 2487 sequuntur
1208 2409 1240 2466 hi

183 2505 245 2562 duo
259 2526 267 2560 ε

325 2608 376 2674 Qui
389 2608 468 2676 prino
481 2607 589 2659 ‘llberim
603 2609 701 2676 reliquit
714 2619 782 2686 ortu,

326 2693 408 2745 Primo
421 2709 519 2760 vespere
530 2693 627 2759 naviget
638 2693 779 2753 Liternum,

183 2845 248 2904 φη
262 2845 329 2884 saue
343 2825 525 2901 superiorum
539 2825 597 2882 vim
607 2825 772 2904 refringunt
782 2843 880 2902 neque
893 2845 959 2884 eum
972 2845 1027 2883 sss.
1044 2825 1098 2897 36,
1114 2825 1150 2896 37
1166 2824 1240 2880 bene

182 2930 258 2976 stare
272 2929 415 2994 possunt:
430 2937 520 2993 quare
534 2918 637 2976 Markl
652 2938 702 2976 eos
719 2919 813 2991 ejecit.

224 3011 350 3066 Scendes
364 3011 496 3086 belliger,
518 3010 667 3086 obviosque
680 3031 777 3068 currm
792 3009 830 3088 (v.
850 3009 926 3088 157).
943 3009 1033 3082 Quod
1046 3007 1167 3083 intelligi
1180 3025 1241 3064 nou

182 3114 289 3179 potest.
307 3103 352 3159 Ed
366 3105 483 3172 Venet.‚
497 3102 562 3164 cod.
583 3103 723 3179 llhedig.,
738 3113 767 3160 et
780 3104 868 3162 Paris
882 3104 912 3160 iu
930 3121 1019 3178 marg.
1036 3117 1221 3175 :mensaque
1229 3118 1241 3166 ,·
1310 3109 1316 3116 '

184 3197 264 3254 unde
282 3195 446 3254 Gronovius
461 3195 570 3270 optime
584 3195 652 3252 fecit
667 3217 675 3252 ι
689 3197 860 3273 abnuesque.
875 3198 974 3254 «Nam
993 3207 1023 3252 et
1038 3196 1109 3264 hoe,
1127 3192 1238 3268 iuquit,

183 3291 215 3346 in
222 3289 338 3346 laudern
346 3289 478 3346 trahebat
485 3286 683 3360 Domitianus,
692 3289 848 3362 fastidisse,
863 3308 954 3365 quum
960 3298 1058 3363 posset
1063 3288 1129 3361 jure
1142 3283 1241 3340 triurn-

183 3384 283 3458 phare.
300 3382 385 3440 Unde
404 3381 559 3453 Martialis,
573 3401 619 3452 rx,
642 3400 710 3454 ron,
724 3401 751 3438 v.
771 3402 807 3458 19
826 3401 870 3458 sq.
892 3401 899 3438 :

293 3539 361 3604 §epe
374 3545 495 3588 reeusatoe
505 3551 591 3604 parens
602 3536 698 3588 desine
709 3537 847 3606 triumphos

325 3621 411 3672 vietor
420 3620 574 3689 hyperboree
584 3637 674 3673 nonen
685 3621 717 3672 ab
728 3621 788 3673 orbe
799 3621 862 3672 tulit.
872 3645 884 3664 .

1057 3705 1176 3759 Manen.

226 3798 320 3854 Csarn
334 3797 385 3854 lV.
405 3796 486 3853 «llio
499 3808 542 3854 est
560 3797 610 3856 ille
624 3797 772 3854 Victorius
785 3797 955 3870 Marcellus,
975 3797 1023 3854 eui
1041 3795 1241 3853 Institutioues

117 3894 123 3912 ⁸
185 3909 252 3949 suas
270 3889 409 3946 oratorias
428 3889 574 3965 inscripsit
594 3889 806 3962 Quintilianus,
825 3901 859 3947 ut
877 3889 953 3947 bene
969 3890 1103 3946 observat
1122 3889 1241 3946 Groh.»

185 3987 305 4040 Maur..
322 3983 403 4040 Idem
417 3983 548 4040 Lntinm
566 3984 642 4040 viam
662 3983 844 4042 sternendam
858 3994 1031 4058 susceperat.
1046 3982 1122 4039 Vide
1135 3999 1176 4040 vs.
1193 3981 1241 4037 60.

187 4077 374 4149 Horatianus,
397 4097 461 4153 φιτ
475 4077 545 4134 huie
564 4076 693 4152 epistola
706 4077 805 4135 insunt
825 4077 970 4154 plurimae,
987 4075 1161 4132 imitationes
1180 4091 1240 4130 non
1305 4089 1320 4098 ·

188 4184 263 4242 opus
275 4167 437 4245 iugulatim
450 4169 595 4245 persequi.

1014 4296 1022 4340 ι
1033 4269 1065 4340 8.
