3192 5148
453 889 509 992 r.
541 890 598 992 r.
637 855 888 993 suurn

325 1214 1012 1418 SILVARUM

535 1608 711 1694 LIBER
743 1609 799 1688 ΙΙ.

590 1931 750 1947 *-

376 2185 440 2252 ln
466 2185 714 2252 memorant
739 2186 960 2254 ATEDIUM.

140 2425 219 2551 Er
236 2473 442 2544 familiaritas
459 2489 587 2560 nostra,
603 2499 669 2568 qua
686 2474 830 2569 gaudeo,
846 2473 973 2568 Melior,
983 2475 1193 2570 vir-optime,

140 2621 203 2665 nec
223 2596 338 2664 minus
356 2595 392 2662 in
409 2593 537 2688 judicio
556 2593 760 2683 litterarum,
776 2619 877 2689 quam
890 2595 926 2662 in
941 2596 1035 2663 omni
1049 2597 1126 2665 vitae
1141 2620 1195 2665 co-

140 2714 211 2784 lore
229 2715 424 2800 tersissime,
443 2728 476 2782 et
491 2715 562 2808 ipsa
580 2714 818 2808 opusculorum
832 2739 905 2808 quae
923 2715 983 2784 tibi
1000 2715 1096 2784 trado
1112 2741 1192 2785 con-

139 2835 224 2905 ditio
248 2838 295 2906 sic
319 2836 428 2930 posita
446 2849 509 2922 est,
530 2848 568 2903 ut
590 2849 678 2905 totus
697 2837 751 2906 hic
771 2835 856 2906 alter
875 2834 959 2906 liber
977 2861 1072 2906 meus
1091 2839 1192 2907 etiam

139 2958 213 3024 sine
228 2955 368 3051 epistola
385 2969 602 3051 exspectetur.
620 2957 772 3026 Primum
788 2956 878 3026 enim
898 2956 1000 3026 habet
1015 2956 1192 3028 Glauciam

138 3090 314 3164 nostrum,
334 3078 430 3172 cujus
451 3076 674 3173 gratissimam
693 3076 889 3165 infantiam,
908 3091 941 3146 et
961 3076 1094 3171 qualem
1119 3076 1190 3172 ple·

138 3221 283 3291 rumque
295 3195 441 3266 infelices
454 3197 656 3284 sortiuntur,
670 3197 761 3292 apud
776 3211 807 3265 te
818 3194 1011 3291 complexus
1027 3197 1190 3265 amabam.

137 3321 214 3386 Jam
232 3342 311 3386 vero
328 3318 388 3386 tibi
404 3317 505 3411 hujus
521 3317 633 3386 amissi
648 3339 764 3386 recens
779 3315 902 3386 vulnus
917 3315 974 3410 (ut
988 3315 1069 3411 scis)
1085 3317 1192 3411 epice-

138 3437 195 3506 dio
225 3452 419 3532 prosecutus
447 3462 536 3527 sum,
565 3436 647 3506 adeo
671 3436 883 3524 festinanter,
909 3450 946 3506 ut
968 3436 1191 3506 excusandam

137 3557 315 3626 habuerim
330 3557 504 3627 affectibus
521 3559 588 3626 tuis
603 3543 816 3626 celeritatem.
827 3559 899 3629 Nec
911 3582 1002 3626 nunc
1014 3539 1088 3626 eain
1100 3556 1190 3651 apud

139 3692 173 3746 te
189 3679 296 3772 jacto,
317 3678 375 3771 qui
395 3679 501 3764 nosti,
520 3677 578 3747 sed
598 3691 631 3746 et
651 3678 769 3748 ceteris
788 3677 918 3764 indico;
938 3702 981 3745 ne
1001 3678 1074 3771 quis
1096 3701 1191 3772 aspe-

138 3799 228 3866 riore
248 3797 328 3868 lima
347 3823 483 3868 carmen
506 3800 694 3888 examinet,
712 3813 745 3868 et
764 3798 938 3870 aconfuso
959 3799 1136 3893 scriptum,
1157 3811 1191 3866 et

138 3915 266 3986 dolenti
281 3917 418 4008 datum,
438 3943 542 4020 quum
566 3945 660 4015 paene
677 3943 884 4015 supervacua
901 3920 967 3988 sint
988 3917 1083 3987 tarda
1101 3915 1189 3986 sola·

138 4040 196 4108 tia.
215 4037 315 4109 Pollii
334 4041 401 4109 mei
419 4039 510 4110 Villa
527 4043 725 4112 Surrentina
750 4065 825 4136 quae
847 4040 1012 4134 sequitur,
1031 4039 1147 4109 debuit
1170 4063 1189 4107 a

137 4183 193 4229 me
207 4158 259 4230 vel
274 4162 309 4230 in
325 4161 490 4231 honorem
509 4160 706 4258 eloquentie
722 4163 793 4257 ejus
811 4161 1003 4259 diligentius
1023 4159 1089 4229 dici
1106 4186 1114 4227 :
1132 4157 1190 4227 sed

281 4307 301 4350 1.
1020 4278 1041 4351 3
