3200 5142
406 407 462 462 232
710 401 924 460 russamos
945 401 1058 458 unna
1080 402 1132 458 111.
1342 403 1454 462 ‹nus›
1565 361 1566 404 ³

404 539 448 605 Et
464 535 593 604 mixtus
607 531 761 628 lacrymis
779 531 883 602 caluit
903 531 1022 600 dolor:
1041 531 1198 600 omnibus
1219 529 1309 600 ultro

403 657 482 726 Non
496 651 659 749 juvenum
676 651 798 742 modo,
816 653 875 723 sed
891 651 1008 748 gelidis
1025 668 1059 722 ct
1075 651 1239 722 inertibus
1255 675 1326 722 evo

403 775 598 846 Pectoribus
615 799 710 844 mens
727 797 795 844 una
812 774 921 862 subit,
941 774 1081 843 viduare
1098 787 1252 867 penates,

402 897 575 965 Finitimas
594 895 754 966 adhibere
770 921 907 980 manus3
924 897 1063 990 jamque
1080 897 1139 964 ire.
1159 893 1225 964 Sed
1242 892 1329 962 altus

333 1075 342 1092 .
387 1015 558 1088 'Consiliis
575 1032 682 1112 pater,
704 1018 902 1113 imperiique
920 1017 1013 1086 haud
1033 1016 1167 1086 flectere
1185 1015 1307 1086 molem

399 1139 556 1210 Inscius:
578 1166 597 1203 α
607 1141 673 1207 Ista
692 1137 829 1233 quidem
850 1141 990 1234 Superis
1005 1163 1161 1233 curaeque
1177 1137 1342 1208 medenda

399 1245 724 1355 Linquite,'qureso,
744 1285 849 1330 mere:
869 1276 984 1330 necte
1004 1285 1185 1356 germanus
1206 1259 1314 1330 inulto

399 1364 542 1477 Sceptra
559 1395 654 1478 geret
671 1407 680 1449 ε
698 1405 806 1477 neque
824 1407 882 1452 vos
898 1382 988 1452 avidi
1007 1383 1206 1478 promittere
1222 1379 1359 1452 bellum.

399 1506 445 1573 lt
463 1527 553 1574 nunc
572 1505 745 1600 egregium
762 1491 926 1599 vtantoque
945 1505 981 1574 in
998 1505 1161 1600 sanguine
1176 1519 1334 1573 ovantem

398 1625 552 1719 Excipite
572 1625 748 1714 OEniden,
767 1627 964 1719 animosque
982 1641 1015 1694 et
1035 1641 1172 1722 pectora
1190 1623 1279 1695 laxet

399 1747 481 1814 Sera
495 1748 590 1840 quies
608 1772 616 1816 ε
635 1746 732 1818 nobis
753 1737 850 1816 dolor
868 1747 961 1816 haud
983 1749 1121 1816 rationis
1137 1747 1256 1842 egebit.
1268 1775 1285 1810 s

446 1866 588 1936 Turbati
608 1867 778 1964 extemplo
796 1869 953 1956 comites,
975 1883 1008 1936 et
1028 1866 1151 1962 pallida
1169 1870 1316 1960 conjux,

397 1986 511 2081 Tydea
528 1989 658 2058 circum
677 2013 794 2060 omnes
811 1989 937 2058 fessum
957 1987 1104 2084 bellique
1121 1991 1248 2083 viceque

397 2109 573 2203 Stipantur
593 2135 602 2177 :
620 2109 715 2180 laetus
732 2110 850 2181 mediis
868 2112 903 2180 in
921 2109 1055 2182 sedibus
1071 2110 1154 2181 aulae

397 2232 575 2319 Constitit,
592 2234 788 2326 ingentique
806 2248 963 2328 exceptus
983 2248 1076 2329 terga
1093 2232 1267 2320 columna,

396 2349 548 2422 Vulnere
564 2351 646 2422 dum
666 2352 812 2448 lymphis
829 2355 1035 2449 Epidaurius
1053 2352 1137 2424 eluit
1155 2353 1297 2443 Idmon,

395 2473 497 2541 Nunc
514 2470 609 2542 velox
632 2475 740 2560 ferro,
758 2499 852 2543 nunc
870 2473 927 2544 ille
945 2475 1141 2571 potentibus
1159 2475 1272 2546 herbis

394 2592 533 2682 Miti0r;
552 2596 624 2690 ipse
643 2594 710 2664 alta
726 2593 883 2666 seductus
900 2610 1012 2666 mente
1030 2613 1181 2666 renarrat

394 2714 566 2808 Principia
583 2717 731 2804 irarum,
752 2741 894 2812 quaeque
914 2742 1010 2786 orsus
1029 2732 1180 2812 uterque*
1194 2721 1362 2807 vicissim,

393 2835 480 2922 Quis
498 2832 593 2904 locus
612 2837 755 2926 insidiis,
774 2841 875 2907 tacito
894 2863 968 2934 quae
989 2855 1141 2935 tempora
1157 2838 1263 2929 bello,

393 2955 463 3044 Qui
480 2971 618 3044 contra,
637 2961 821 3053 quantique
840 2961 960 3048 duces,
978 2962 1034 3029 ubi
1055 2961 1285 3032 maximus'illi

393 3074 516 3166 Sudor,
533 3093 568 3148 et
588 3079 714 3151 indicio
732 3097 900 3152 servatum
916 3086 1049 3154 Maeona
1066 3085 1170 3170 tristi,

393 3201 561 3295 Exponit:
577 3203 632 3272 cui
651 3201 719 3274 fida
738 3205 872 3293 manus,
892 3230 1131 3301 proceresque,
1155 3233 1314 3300 socerque

392 3319 556 3418 Adstupet
573 3327 705 3412 oranti,
725 3327 913 3420 Tyriusque
929 3329 1123 3399 incenditur
1144 3329 1247 3399 exsul.

443 3441 596 3515 Solverat
612 3437 912 3542 Hesperii'devexo
931 3452 1082 3546 margine
1102 3454 1197 3547 ponti

391 3562 585 3660 Flagrantes
601 3565 658 3636 Sol
675 3594 802 3664 pronus
819 3597 939 3666 equos,
958 3572 1162 3668 rutilamque
1180 3571 1315 3646 lavabat

392 3688 521 3755 Oceani
541 3689 603 3756 sub
620 3689 713 3760 sonte
730 3716 881 3777 cornum,
898 3695 952 3762 cui
968 3695 1066 3763 turba
1086 3695 1244 3790 profundi

390 3809 536 3897 Nereos,
554 3824 587 3879 et
605 3811 729 3906 rapidis
743 3829 926 3884 accurrunt
946 3817 1099 3912 passibus
1119 3823 1234 3898 Horam

390 3932 579 4024 Frenaque,
600 3949 634 4001 et
652 3949 778 4003 euretae
797 3950 926 4006 textum
946 3937 1090 4008 sublime
1111 3965 1243 4010 coronae

389 4053 570 4147 Deripiunt
587 4080 595 4122 ε
612 4053 725 4125 laxant
745 4059 849 4128 roseis
865 4058 1048 4129 humentia¹
1058 4059 1138 4130 loris
