3172 5142
150 509 266 570 (sess.)
476 505 695 564 THEBttmos
718 507 829 565 uultu
850 508 891 562 vt
1166 521 1203 578 79

200 635 254 702 Sic
271 633 379 721 cadit,
397 635 547 702 attonitis
568 635 700 727 quoties
719 631 874 703 avellitur
894 634 1007 720 astris,

149 752 237 822 Solis
257 777 360 848 opaca
375 778 472 822 soror
493 779 501 822 ε
523 750 640 848 procul
660 752 855 854 auxiliantia
876 766 990 848 gentes
1025 733 1028 738 Ι

143 875 232 962 ΙΛΕΜ
249 889 403 969 crepant,
426 873 616 967 frustraque
634 875 753 943 timent
773 899 781 943 ε
803 889 837 942 at
856 871 1015 944 Thessala
1035 874 1155 943 victrix

149 993 251 1063 Ridet
269 993 462 1089 anhelantes
484 993 599 1063 audito
618 995 767 1064 carmine
786 995 891 1090 bigas.

143 1153 150 1206 ¹:
201 1112 405 1184 Collaudant
422 1116 533 1184 Danai
553 1139 561 1182 :
581 1113 640 1183 sed
657 1140 727 1184 nou
746 1115 808 1184 tibi
829 1110 929 1184 molle
949 1117 1073 1203 tuenti,

145 1236 408 1331 Hippomedon,
426 1227 602 1330 majorque
621 1261 740 1306 manus
760 1234 969 1332 speratur'in
990 1261 1115 1331 aequo..

203 1361 312 1451 Atque
331 1355 378 1426 illi
397 1355 584 1452 extemplo,
606 1359 661 1426 cui
680 1381 754 1455 spes
775 1357 959 1454 infringere
979 1356 1075 1428 dulce

150 1477 372 1566 Immodicas,
392 1483 541 1547 Fortuna
561 1480 654 1547 venit
667 1503 676 1546 ε
690 1478 771 1572 quid
790 1481 930 1549 numine
950 1491 1068 1551 contra

150 1596 302 1667 Tendere
324 1597 372 1666 sas
390 1598 542 1668 homini?
562 1600 709 1692 spatium
726 1599 798 1693 jam
817 1601 966 1669 immane
985 1599 1145 1694 parabat,

148 1723 225 1787 Jam
246 1715 357 1787 cervix
375 1743 556 1807 conversa,
576 1719 695 1812 etjam
715 1719 801 1790 latus
820 1745 918 1790 omne
939 1721 1089 1790 redibat:

151 1838 285 1908 Excidit
302 1851 380 1909 ante
398 1839 498 1934 pedes
516 1838 667 1935 elapsum
687 1840 841 1936 pondus,
863 1855 897 1910 et
918 1844 1003 1912 ictus

149 1962 334 2050 Destituit,
354 1960 545 2053 frustraque
564 1985 702 2030 manum
724 1961 850 2030 dimisit
867 1963 1012 2031 inanem.

201 2089 400 2182 Ingemuere
416 2105 553 2168 omnes,
572 2081 724 2174 rarisque
745 2106 786 2150 ea
804 2084 875 2151 visa
894 2081 1058 2180 voluptas.

150 2207 297 2277 Indead
319 2216 461 2276 conatus
478 2201 597 2270 timida
615 2201 705 2271 subit
724 2217 796 2272 arte
815 2205 1031 2274 Menestheus

151 2329 311 2416 Cautior,
330 2342 363 2396 et
383 2323 526 2398 multum
544 2337 594 2411 te,
611 2324 704 2392 Maia
725 2337 821 2411 nate,
841 2342 960 2420 rogato

152 2448 254 2518 Molis
272 2447 488 2544 praegravidae
506 2444 648 2541 castigat
668 2441 806 2538 pulvere
825 2442 947 2541 lapsus.

152 2568 216 2638 ltta
232 2593 335 2638 manu
355 2592 496 2662 magna,
515 2582 549 2635 et
568 2564 713 2635 multum
734 2563 865 2668 felicior
880 2568 966 2654 exit,

152 2691 224 2759 Noc
242 2703 371 2784 partem
392 2690 547 2783 exiguam
566 2688 647 2758 cirri
666 2701 854 2760 transvecta
875 2691 1011 2784 quievit.

155 2812 208 2882 Fit
228 2833 349 2900 sonus,
369 2823 404 2878 et
421 2807 490 2878 fixa
508 2809 660 2905 signatur
680 2825 769 2878 terra
788 2813 925 2906 sagitta„

203 2935 335 3002 Tertius
355 2931 592 3026 Hippomedon
613 2929 723 2998 valida
744 2930 787 2999 ad
808 2933 992 3001 certamina
1013 2933 1126 3002 tardos

154 3052 296 3123 Molitur
315 3077 471 3147 gressus:
490 3076 633 3145 namque
652 3049 749 3120 illum
768 3051 870 3120 corde
889 3052 952 3121 sub
971 3051 1039 3122 alto

155 3177 197 3242 Et
216 3197 311 3242 casus
329 3171 484 3266 Phlegyae
503 3186 637 3258 monet,
658 3186 691 3239 et
713 3171 849 3241 fortuna
868 3173 1066 3242 Menesthei.

155 3294 262 3388 Erigit
282 3306 450 3361 assuetum
468 3291 591 3360 dextrae
610 3306 799 3386 gestamen,
820 3306 854 3360 et
873 3291 940 3360 alte

156 3415 372 3498 Sustentans,
392 3411 605 3506 rigidumque
623 3409 726 3499 latus,
747 3411 919 3505 fortesque
938 3411 1081 3481 lacertos

156 3532 328 3618 Consulit,
347 3557 386 3602 ac
406 3545 500 3600 vasto
519 3546 719 3624 contorquet
743 3532 896 3619 turbiue,
917 3547 949 3602 et
969 3534 1041 3626 ipse

156 3655 376 3748 Prosequitur
398 3679 405 3720 :
427 3651 513 3747 fugit
529 3650 701 3720 horrendo
721 3677 783 3746 per
803 3654 916 3720 inania
936 3651 1042 3740 saltu,
1077 3681 1079 3684 ·
1163 3695 1165 3699 ,
1187 3653 1189 3658 ’

155 3777 297 3868 Jamque
316 3750 434 3869 procul
454 3773 606 3841 meminit
626 3762 764 3858 dextre,
782 3787 959 3866 servatque
980 3787 1129 3844 tenorem

156 3895 280 3966 Discus
298 3921 306 3964 :
323 3919 384 3963 nec
402 3892 504 3962 dubia
520 3894 680 3986 junctave
698 3893 894 3962 Menesthea
912 3896 1037 3964 victum

156 4016 348 4085 Transahiit
365 4029 451 4084 mets
469 4040 476 4081 :
496 4012 595 4108 longe
614 4037 715 4106 super
734 4013 849 4084 aemulu
871 4019 964 4109 signa

158 4135 334 4222 Consedit,
356 4133 545 4227 viridesque
562 4134 738 4223 humeros,
757 4149 789 4203 et
806 4151 912 4229 op'uca
929 4136 1048 4206 theatri
