3080 5136
418 395 475 466 278
724 393 983 460 tumulatores
1006 395 1123 452 arana
1144 396 1166 450 ι.
1360 398 1433 459 <aar

417 519 575 591 AEaciden
594 519 685 590 tirrto
701 519 772 614 jam
794 533 934 596 noverat
951 544 1020 592 una
1040 518 1202 590 latentem

415 641 591 712 Deidamia
610 643 721 713 virum
739 667 749 709 :
769 639 827 711 sed
845 655 973 734 opertae
988 643 1122 710 conscia
1141 640 1255 737 culpae

415 765 547 832 Cuncta
566 777 682 856 pavet,
701 763 886 855 tacitasque
903 777 1000 856 putat
1021 762 1144 832 sentire
1162 787 1313 832 sorores.
1473 744 1475 819 l

415 886 569 978 Namque
587 898 626 952 ut
645 879 795 978 virgineo
811 885 903 960 stetit
919 885 1055 978 agmine
1072 881 1183 954 clarus
1205 883 1369 972 Achilles,

413 1004 633 1099 Exsolvitque
650 1004 769 1082 rudem
785 1006 932 1100 genitrix
954 1003 1105 1100 digressa
1123 1005 1314 1100 pudorem,

415 1127 574 1196 Protinus
593 1123 694 1220 elegit
714 1126 891 1213 comitem,
907 1149 1104 1218 quanquam
1126 1127 1239 1203 omnis
1261 1123 1396 1195 inillam

415 1247 532 1317 Turba
549 1247 638 1332 coit,
659 1245 852 1340 blandeque
870 1269 975 1316 noras
993 1244 1041 1314 nil
1058 1243 1125 1315 tale
1141 1247 1280 1315 timenti

415 1367 584 1439 Admovet
604 1367 740 1446 insidias
761 1394 769 1436 :
789 1365 881 1442 illam
899 1357 1138 1461 sequiturque,
1160 1368 1351 1460 premitque

414 1491 593 1584 Improbus
615 1517 623 1559 ι
644 1489 735 1566 illam
750 1488 857 1562 oculis
874 1490 1064 1582 iterumque
1084 1489 1281 1581 iterumque
1298 1487 1417 1556 munit.

414 1615 517 1683 Nunc
536 1613 661 1688 nimius
680 1611 777 1687 lateri
794 1637 862 1682 non
883 1611 1040 1684 evitantis
1058 1609 1206 1678 adhaeret
1230 1637 1240 1677 ε

415 1737 519 1805 Nunc
540 1732 671 1805 levibus
690 1734 805 1819 sertis,
826 1731 929 1827 lapsis
948 1756 1040 1811 nunc
1059 1746 1181 1825 sponte
1199 1732 1370 1816 canistris,

415 1857 518 1925 Nunc
536 1854 651 1948 thyrso
669 1867 831 1949 parcente
848 1852 925 1931 ferit
943 1878 951 1920 :
971 1850 1073 1920 modo
1091 1849 1203 1920 dulcia
1225 1867 1317 1920 note

415 1975 488 2046 Fila
505 1974 602 2069 lyrae,
620 1990 806 2068 tenuesque
824 1973 961 2060 modos,
980 1988 1013 2042 et
1029 1974 1181 2048 carmina
1198 1986 1359 2042 monstrat

416 2098 592 2185 Chironis,
613 2096 773 2190 ducitque
792 2120 948 2180 manum,
969 2094 1158 2190 digitosque
1174 2095 1312 2164 sonanti

416 2218 575 2314 Infringit
596 2217 757 2287 citharae:
778 2241 870 2286 nunc
891 2230 1113 2311 occupatore
1133 2217 1306 2300 canentis,

369 2329 375 2342 ⁴
417 2343 462 2408 Et
481 2337 563 2434 ligat
584 2336 778 2432 amplexus,
797 2351 832 2406 et
850 2335 942 2406 mille
961 2361 1022 2430 per
1042 2334 1157 2404 oscula
1174 2333 1301 2404 laudat.

417 2459 479 2529 Illa
499 2458 607 2530 libens
626 2459 742 2546 discit,
763 2484 831 2554 quo
851 2460 975 2529 vertice
992 2457 1123 2545 Pelion,
1142 2459 1272 2551 etquis

420 2581 586 2666 AEaeides,
606 2581 768 2674 puerique
784 2579 937 2648 auditum
956 2603 1081 2648 nornen
1100 2592 1133 2647 et
1154 2594 1251 2648 actus

418 2700 559 2770 Assidue
575 2715 707 2794 stupet,
729 2715 762 2768 et
780 2715 979 2793 praesentem
999 2715 1114 2770 cantat
1130 2699 1305 2771 Achillem.

417 2829 495 2918 lpse
513 2845 650 2916 quoque
668 2836 702 2892 et
722 2818 850 2889 validos
870 2821 1023 2915 prolerre
1042 2819 1225 2900 modestius
1247 2837 1349 2904 artus,

418 2948 462 3012 Et
480 2957 617 3011 tenuare
637 2940 737 3012 rudes
755 2941 871 3024 attrito
890 2939 1012 3034 pollice
1029 2940 1122 3010 lanas

419 3067 654 3147 Demonstrat,
672 3061 849 3156 reficitque
867 3060 974 3149 colos,
995 3077 1029 3132 et
1048 3063 1179 3158 perdita
1199 3062 1284 3132 dura

418 3187 525 3252 Pensa
546 3208 669 3271 manu;
691 3184 850 3278 vocisque
867 3209 1008 3270 sonum,
1028 3183 1228 3279 pondusque
1249 3180 1387 3264 tenentis,

420 3302 591 3398 Quodque
609 3303 695 3398 fugit
713 3306 871 3392 comites,
892 3305 997 3374 nimio
1014 3304 1106 3398 quod
1125 3303 1252 3373 lumine
1269 3327 1334 3373 sese

420 3425 534 3518 Figat,
551 3438 585 3494 et
604 3426 638 3492 in
660 3425 772 3494 verbis
792 3426 1047 3518 intempestivus
1067 3422 1219 3512 anhelet,

418 3545 566 3614 Miratur
585 3571 593 3614 ι
609 3547 679 3638 jam
696 3547 835 3640 jamque
854 3544 949 3614 dolos
966 3547 1097 3640 aperire
1117 3560 1289 3640 par-antem

418 3653 580 3760 Virginea
599 3664 733 3739 levitate
753 3666 854 3762 fugit,
875 3666 1100 3762 prohibetque
1119 3667 1228 3736 fateri.

419 3787 474 3854 Sic
495 3787 558 3856 sub
578 3803 685 3858 matre
703 3789 796 3860 Rhea
812 3789 947 3882 juvenis
963 3805 1125 3885 regnator
1144 3789 1281 3883 Olympi

421 3905 546 3976 Oscula
565 3933 691 3978 securae
709 3909 812 3983 dabat
830 3910 990 3985 insidiosa
1010 3913 1117 3980 sorori

422 4031 539 4097 Frater
558 4029 684 4121 adhuc,
705 4031 804 4102 medii
827 4031 936 4101 donec
954 4035 1137 4102 reverentia
1159 4035 1257 4102 cessit
