3206 5136
385 462 422 520 50
700 457 918 514 unanimos
941 459 1053 516 mam
1073 460 1108 513 v.
1322 459 1358 520 (a
1376 457 1460 516 595.)

384 585 607 674 Incumbens,
628 585 812 677 animaeque
833 585 946 679 fugam
968 609 1027 678 per
1047 583 1195 652 membra
1218 597 1404 678 tepentem

384 709 517 800 Quaerit
534 707 630 776 hians
652 731 660 773 z
681 729 751 773 non
770 729 828 772 ora
848 704 938 792 loco,
957 729 1025 774 non
1044 718 1183 799 pectora
1201 719 1342 772 restant

386 831 495 922 Rapta
516 828 619 911 cutis,
641 827 751 894 tenuia
772 850 847 894 ossa
866 840 1000 920 patent,
1020 848 1190 917 nexusque
1212 822 1395 892 madentes

387 949 566 1042 Sanguinis
587 948 693 1016 imbre
712 949 809 1033 novi,
830 961 1004 1038 totumque
1024 949 1059 1015 in
1078 944 1215 1014 vulnere
1234 969 1377 1038 corpus.

437 1071 485 1138 Ac
507 1065 597 1136 velut
617 1065 749 1162 aligerae
769 1065 898 1154 sedem,
919 1066 1085 1159 laetusque
1106 1067 1253 1161 parentis

389 1191 505 1277 Quum
521 1191 618 1283 piger
635 1189 793 1258 umbrosa
809 1187 989 1283 populatus
1007 1190 1041 1258 in
1060 1186 1134 1258 ilice
1150 1177 1305 1281 serpens,

388 1309 450 1379 llla
469 1310 577 1393 redit,
597 1306 810 1402 queruloque
830 1309 958 1380 domus,
971 1311 1091 1384 mirata
1110 1310 1256 1402 quietem

390 1433 462 1500 Stat
482 1428 810 1524 superimpendens,
831 1429 1055 1523 advectosque
1072 1429 1209 1500 horrida
1228 1445 1351 1498 moesto

389 1553 524 1619 Excutit
544 1575 602 1619 ore
623 1551 732 1634 cibos;
753 1575 857 1643 quum
877 1549 967 1620 solus
988 1553 1023 1620 in
1042 1551 1161 1620 arbore
1183 1577 1260 1620 rara

389 1673 551 1766 Sanguis,
569 1685 603 1738 et
619 1686 767 1740 errantes
785 1695 846 1763 per
861 1683 957 1766 capta
975 1669 1099 1740 cubilia
1115 1669 1245 1766 plumae.

438 1793 488 1858 Ut
508 1789 634 1860 laceros
655 1806 747 1860 artus
768 1794 896 1886 gremio
915 1789 1103 1860 miseranda
1123 1793 1267 1886 recepit,

391 1913 578 2004 lntexitque
594 1911 714 1994 comis,
733 1910 867 1978 tandem
885 1909 994 1982 laxata
1008 1910 1124 1981 dolore

397 2037 467 2102 Vox
484 2034 611 2102 invenit
627 2035 705 2118 iter,
721 2033 931 2127 gemitusque
946 2033 980 2102 iu
996 2033 1097 2102 verba
1111 2033 1210 2103 soluti
1227 2060 1235 2102 ι

441 2185 456 2219 a
471 2157 501 2224 Ο
519 2155 601 2222 mihi
622 2153 757 2222 ‹tesertae
779 2166 934 2222 natorum
955 2151 1061 2222 dulcis
1081 2155 1209 2248 imago,

394 2275 596 2346 Archemoro
615 2301 623 2341 :
643 2299 664 2342 ο
684 2297 795 2342 rerum
813 2288 845 2341 et
865 2275 979 2366 patriae
996 2273 1145 2344 solamen
1163 2274 1322 2360 ademtae,

393 2399 593 2490 Servitiique
609 2396 727 2481 decus,
745 2395 802 2487 qui
821 2409 869 2481 te,
887 2419 959 2464 mea
977 2394 1118 2490 gaudia,
1139 2411 1250 2466 sontes

393 2517 589 2586 Exstinxere
610 2515 694 2586 Dei?
712 2515 814 2584 modo
836 2540 934 2608 quem
955 2515 1104 2611 digressa
1123 2515 1242 2610 reliqui

393 2643 569 2710 Lascivum
586 2653 619 2708 et
638 2661 747 2732 prono
767 2651 940 2708 vexantem
960 2639 1113 2732 grantina
1129 2637 1251 2707 cursu?

394 2765 468 2830 lleu
489 2761 547 2828 ubi
569 2757 685 2827 siderei
706 2756 838 2826 vultus?
859 2757 916 2827 ubi
936 2759 1040 2827 verbu
1060 2757 1172 2854 ligatis

394 2879 594 2976 Imperfecta
613 2877 727 2948 sonis?
747 2879 901 2971 risusque
919 2893 952 2947 et
970 2903 1144 2950 murmura
1163 2879 1224 2949 soli

395 2999 566 3071 Intellecta
585 2975 690 3068 mihil
709 3000 839 3091 quoties
862 2999 922 3067 tibi
941 3002 1113 3084 Lemnon,
1133 3015 1169 3073 et
1187 3005 1279 3094 Argo

396 3125 495 3191 Sueto
515 3119 625 3214 loqui,
647 3133 681 3188 et
698 3118 799 3212 longa
818 3143 973 3188 somnum
992 3120 1131 3190 suadere
1151 3119 1309 3214 querela?

396 3245 451 3312 Sic
471 3241 624 3336 equidem
644 3239 753 3308 luctus
770 3239 920 3327 solabar,
939 3255 973 3309 et
991 3241 1094 3310 ubera
1109 3267 1215 3336 parvo

397 3368 470 3433 lam
485 3377 636 3432 materna
650 3361 789 3446 dabam,
805 3363 859 3430 cui
875 3385 965 3430 nunc
980 3364 1071 3430 venit
1084 3365 1197 3431 irritus
1212 3362 1266 3434 ori

397 3485 527 3569 Laetis,
548 3495 581 3551 et
600 3481 714 3550 infelix
733 3482 768 3549 in
788 3479 926 3550 vulnera
946 3480 1088 3575 liquitur
1107 3485 1222 3552 imber.

398 3607 511 3674 Nosco
530 3607 621 3672 Deos
642 3628 649 3670 :
671 3627 692 3670 0
712 3601 797 3670 dura
815 3604 878 3672 mei
900 3604 1060 3697 praesagia
1078 3605 1204 3690 somni,

398 3725 631 3817 Nocturnique
651 3737 779 3809 metus,
798 3737 831 3790 et
849 3746 1024 3815 nunquam
1043 3725 1179 3819 impune
1200 3749 1261 3818 per
1283 3728 1423 3796 umbras

399 3846 557 3916 Attonitae
574 3844 656 3912 mihi
672 3847 746 3912 visa
763 3838 897 3912 Venus!
917 3867 1002 3935 quos
1019 3868 1127 3938 arguo
1144 3845 1272 3914 Divos?

399 3970 474 4060 Ipse
492 3989 555 4060 ego
573 3980 606 4034 te
622 3963 726 4058 (quid
744 3965 834 4031 enim
854 3965 990 4031 timeam
1007 3965 1171 4032 moritura
1188 3963 1333 4060 raverit)

401 4087 546 4180 Exposui
563 4085 637 4154 latis
655 4111 663 4152 :
681 4108 755 4179 quae
772 4096 917 4152 mentem
933 4085 1061 4152 insania
1078 4084 1199 4153 traxit?
