3172 5142
357 419 394 475 72
680 403 893 460 mutuos
915 405 1028 462 LIBER
1042 405 1093 461 vl.
1295 408 1417 472 (ntea)

355 532 446 600 Ausa
459 527 552 598 venit
568 554 577 597 :
594 527 679 608 ruit,
696 530 907 598 Haemonium
924 529 1003 598 dum
1020 529 1167 600 fervidus
1183 531 1286 599 instat

359 649 539 752 Admetum
556 673 731 743 superare,
749 649 877 738 Thoas,
894 673 955 718 nec
971 647 1118 744 praetulit
1134 649 1236 720 ullam

357 773 474 839 Frater
494 793 594 864 opem
615 795 623 837 :
646 767 728 838 velit
748 768 804 837 ille
822 769 974 862 quidem3
994 769 1050 838 sed
1068 771 1210 840 Martius
1230 785 1312 840 ante

357 889 498 958 Obstitit
517 889 771 986 Hippodamus,
792 889 985 984 mediasque
1005 891 1142 960 immisit
1162 889 1322 960 habenas.

358 1012 440 1080 Mox
457 1011 614 1079 Chromis
633 1008 886 1104 Hippodamum
904 1025 1001 1078 metae
1018 1011 1187 1080 interioris
1205 1011 1249 1079 ad
1267 1011 1389 1080 orbem

356 1130 493 1200 Viribus
513 1128 687 1200 Herculeis
706 1145 740 1198 et
760 1144 832 1199 toto
853 1131 974 1200 robore
994 1133 1098 1225 patris

355 1257 429 1321 Axe
450 1264 539 1320 tenet
559 1274 681 1344 prenso
699 1276 707 1318 :
726 1248 900 1320 luctantur
921 1251 1013 1320 abire
1029 1251 1158 1346 jugales

354 1373 602 1465 Nequicquam,
621 1369 801 1464 frenosque
815 1385 850 1439 et
864 1369 952 1440 colla
967 1371 1113 1465 rigentia
1129 1371 1284 1442 tendunt.

354 1493 402 1562 Ut
419 1489 548 1562 Siculas
566 1492 594 1561 si
612 1491 751 1586 quando
767 1506 855 1562 rates
871 1507 965 1560 tenet
980 1507 1097 1580 astus,
1115 1507 1148 1561 et
1165 1493 1285 1588 ingens

353 1615 477 1683 Auster
493 1613 580 1707 agit,
600 1610 713 1680 medio
733 1619 824 1680 stant
842 1609 918 1681 vela
935 1613 1098 1682 tumentia
1115 1627 1233 1707 ponto.

401 1735 497 1802 Tunc
513 1731 622 1826 ipsum
638 1729 747 1802 fracto
764 1757 865 1801 curru
885 1731 1058 1820 deturbat,
1074 1746 1108 1800 et
1125 1733 1205 1802 isset

355 1857 442 1922 Ante
463 1851 641 1938 Chromis3
660 1849 717 1920 sed
736 1851 882 1920 Thraces
902 1853 980 1944 equi
1001 1865 1039 1921 ut
1057 1850 1172 1920 videre
1188 1853 1360 1945 jacentem

355 1969 629 2066 Hippodamum,
648 1969 737 2040 redit
756 1969 814 2040 illa
835 1969 960 2059 fames,
980 1972 1184 2065 jamjamque
1205 1985 1408 2042 trementem

355 2092 474 2162 Partiti
490 2088 601 2178 furiis3
617 2091 653 2157 ni
669 2089 780 2174 frena,
797 2092 953 2185 ipsosque
970 2089 1165 2178 frementes,

356 2209 492 2281 Oblitus
510 2208 643 2306 palma,
661 2225 754 2279 retro
769 2211 965 2304 Tirynthius
980 2210 1079 2280 heros
1095 2217 1103 2266 Γ

356 2333 537 2418 Torsisset,
556 2333 732 2424 victusque
749 2345 783 2400 et
801 2329 1009 2400 collaudatus
1030 2331 1161 2400 abisset.
1268 2389 1270 2394 ,

406 2454 453 2522 At
473 2451 535 2520 tibi
555 2452 736 2543 promissos
753 2449 953 2543 jamdudum
973 2451 1118 2520 Phoebus
1136 2449 1302 2538 honores,

359 2571 582 2666 Amphiarae,
602 2571 706 2665 cupit.
728 2571 879 2640 Tandem
900 2585 992 2640 ratus
1013 2585 1091 2667 apta
1111 2570 1228 2641 favori·

358 2694 544 2786 Tempora,
562 2688 715 2786 pulverei
735 2692 880 2760 venitin
898 2692 1006 2785 spatia
1023 2692 1161 2761 horrida
1177 2692 1277 2780 circi,

358 2815 475 2903 Quum
489 2813 559 2906 jam
578 2813 613 2879 in
630 2811 697 2880 line
715 2813 794 2899 vim,
812 2826 847 2880 et
862 2836 1032 2882 summum
1050 2812 1188 2882 victoria
1208 2827 1308 2882 nutat
1326 2841 1334 2880 ε

358 2933 603 3028 Anguicomam
621 2933 761 3000 monstri
780 2929 926 3026 effigiem
944 2933 1121 3002 saevissima
1138 2934 1212 3002 visu

359 3057 430 3124 Ora
447 3067 577 3138 movet3
596 3053 665 3120 sive
681 3049 738 3121 ille
755 3053 882 3140 Erebo,
900 3077 957 3122 seu
977 3053 1074 3122 finxit
1091 3054 1125 3121 in
1142 3068 1218 3122 astu

359 3174 552 3268 Temporis3
571 3175 747 3242 innumera
768 3187 857 3242 certe
877 3173 1056 3243 formidine
1074 3172 1203 3243 cultum

359 3293 462 3365 Tollit
480 3296 513 3363 in
535 3307 625 3362 astra
642 3291 734 3361 nefas
752 3318 760 3360 ε
780 3317 848 3362 non
866 3291 949 3362 illud
963 3294 1092 3386 janitor
1109 3309 1190 3362 atrae

361 3413 555 3510 impavidus
570 3413 710 3498 Lethes,
730 3437 797 3482 non
815 3413 894 3508 ipsae
911 3413 1052 3482 horrore
1068 3415 1140 3483 sine
1157 3412 1227 3483 alto

361 3532 566 3604 Eumenides
579 3533 706 3602 'vidisse
725 3547 849 3626 queant
870 3559 879 3601 ε
900 3532 1066 3604 turbasset
1085 3549 1202 3604 euntes

362 3653 447 3724 Solis
468 3678 590 3747 equos,
610 3653 798 3746 Martisque
814 3655 963 3748 jugum:
984 3677 1061 3722 nam
1082 3653 1187 3723 flavus
1209 3656 1314 3725 Arion

362 3778 413 3844 Ut
427 3774 531 3860 vidit,
549 3772 666 3842 saliere
679 3773 788 3868 jubae,
809 3787 909 3866 atque
929 3788 1058 3844 erectus
1077 3775 1111 3842 in
1129 3798 1238 3843 armos

363 3899 456 3982 Stat,
477 3894 670 3987 sociumque
688 3893 779 3988 jugi,
800 3894 1002 3988 comitesque
1023 3897 1198 3987 utrimque¹
1215 3892 1341 3964 laboris

364 4019 482 4086 Secum
505 4012 571 4084 alte
593 4013 765 4108 suspendit
787 4038 900 4105 equos.
923 4014 1006 4082 Ruit
1026 4013 1116 4083 ilicet
1136 4012 1226 4082 exsul
