3172 5142
355 466 392 523 62
671 467 881 524 THEBAIDOS
902 469 1014 524 LIBER
1029 469 1078 522 VI'.
1283 469 1316 525 (ἱ
1329 467 1393 526 ¹7⁵)

285 623 289 641 Δ
355 591 558 684 Sanguinis:
578 591 773 659 occumbam
792 595 933 684 pariter,
952 591 1032 660 dum
1052 588 1189 658 vulnere
1205 591 1297 683 justo

355 715 552 780 Exsaturata
569 710 700 798 oeulos,
711 736 823 806 ,unum
842 709 1051 805 impellamur
1068 713 1101 778 in
1118 712 1239 803 ignem.
1252 741 1269 773 s

403 827 498 896 Talia
514 828 698 898 vociferans
717 827 783 898 aliu
798 827 840 898 de
858 845 952 923 parte
968 843 1153 922 gementem

356 945 577 1041 Hypsipylen,
596 950 809 1040 nequeenim
829 947 885 1017 illa
902 973 1012 1018 comas
1032 973 1093 1018 nec
1113 963 1248 1044 pectora
1267 963 1394 1034 servat,

355 1069 501 1161 Agnovit
520 1066 633 1161 longe,
651 1083 685 1136 et
702 1070 827 1138 socium
845 1067 1016 1162 indignata
1034 1066 1200 1154 dolorem,

357 1191 455 1255 «Hoc
473 1185 605 1274 saltem,
620 1213 641 1254 o
660 1212 828 1280 proceres,
847 1203 950 1282 tuque
966 1214 987 1258 o
1005 1190 1058 1258 cui
1076 1192 1215 1283 pignore
1232 1203 1347 1258 nostro

357 1313 474 1376 Partus
489 1308 612 1393 h’onos,
630 1309 803 1401 prohibete
819 1308 909 1377 nefas
928 1335 935 1376 :
955 1309 1080 1378 auferte
1098 1312 1260 1403 supremis

357 1429 502 1495 Invisum
520 1429 681 1529 exsequiis
701 1453 709 1496 ε
727 1426 807 1520 quid
825 1452 861 1495 se
872 1428 1008 1506 lunesto
1023 1431 1153 1522 parenti

357 1547 494 1614 Miscet?
512 1562 545 1615 et
562 1549 596 1615 in
613 1549 734 1616 nostris
751 1562 919 1641 spectatur
935 1563 968 1616 et
985 1550 1056 1642 ipsa
1072 1549 1196 1617 ruinis?

359 1668 421 1735 Cui
438 1665 526 1760 luget
544 1666 715 1761 complexa
731 1667 858 1736 suos?»
875 1669 921 1736 sic
938 1667 1004 1736 fata
1021 1683 1155 1760 repente

307 1761 309 1768 ,
360 1785 530 1872 Concidit,
548 1786 762 1879 abruptisque
779 1787 947 1856 obmutuit
961 1812 1020 1856 ore
1037 1788 1190 1879 querelis.

409 1907 486 1976 Non
504 1929 596 1974 secus
612 1931 651 1974 ac
667 1909 775 2000 primo
794 1905 984 1974 fraudatum
1002 1905 1087 1974 lacte
1101 1907 1302 1999 juvencum,

353 2027 421 2095 ¹Cui
440 2004 575 2118 trepidae
593 2027 696 2111 vires,
714 2040 748 2094 et
766 2025 854 2094 solus
874 2027 916 2094 ab
934 2027 1034 2094 ubere
1052 2028 1205 2120 sanguis,

360 2149 424 2214 Seu
442 2144 528 2230 fera,
548 2169 605 2212 seu
623 2143 724 2214 duras
743 2147 852 2212 avexit
871 2160 984 2239 pastor
1000 2144 1042 2213 ad
1061 2170 1152 2230 aras3

360 2267 461 2333 Nunc
480 2263 598 2334 vallem
616 2262 756 2358 spoliata
774 2289 908 2359 parens,
929 2289 1018 2334 nunc
1035 2265 1171 2334 llumina
1191 2279 1328 2358 questu,

361 2364 459 2453 Nund
480 2399 630 2454 armenta
649 2399 777 2471 movet,
798 2409 984 2476 vacuosque
1002 2386 1184 2478 interrogat
1202 2409 1301 2480 agros
1321 2412 1328 2452 :

360 2508 455 2572 Tunc
475 2507 566 2598 piget
586 2505 634 2572 ire
655 2504 812 2590 domum,
833 2519 1017 2596 moestoque
1038 2506 1217 2582 novissima
1236 2529 1352 2597 campo

361 2625 455 2709 Exit,
474 2639 507 2691 et
525 2627 692 2717 oppositas
711 2627 850 2719 impasta
868 2625 1029 2692 avertitur
1045 2623 1176 2692 herbas.

411 2747 454 2812 At
469 2745 600 2837 genitor
615 2745 802 2837 sceptrique
817 2742 918 2811 decus
934 2741 1109 2835 cultusque
1123 2747 1282 2812 Tonantis
1320 2777 1323 2789 ·

361 2864 472 2955 Injicit
489 2865 557 2956 ipse
575 2864 680 2956 rogis,
698 2877 856 2955 tergoque
873 2865 906 2930 et
920 2877 1056 2955 pectore
1071 2862 1176 2930 fusam

361 2984 537 3054 Caesariem
554 2981 640 3049 ferro
661 2983 799 3064 minuit,
820 2983 982 3074 sectisque
997 2982 1136 3074 jacentis

361 3101 513 3173 Obnuhit
530 3095 643 3168 tenuia
657 3125 717 3168 ora
732 3102 852 3186 comis,
870 3126 908 3169 ac
922 3099 1004 3170 talia
1022 3101 1101 3170 fletu

361 3224 472 3291 Verba
488 3224 545 3316 pio
560 3222 700 3292 miscens
720 3245 727 3287 :
746 3249 762 3282 n
774 3219 849 3289 Alio
867 3221 943 3304 tibi,
962 3219 1101 3314 perfide,
1117 3236 1232 3314 pacto,

360 3343 526 3436 luppiter,
543 3343 631 3410 hunc
648 3343 773 3410 crinem
791 3341 859 3408 voti
877 3365 952 3409 reus
969 3355 1045 3408 ante
1061 3340 1224 3420 dicarem,

361 3464 396 3530 Si
415 3464 540 3556 pariter
558 3461 677 3540 virides
696 3463 764 3528 nati
780 3459 886 3538 libare
905 3459 1047 3528 dedisses

361 3581 413 3650 Ad
430 3596 488 3648 tua
506 3580 628 3674 templu
645 3605 762 3674 genas3
781 3579 836 3648 sed
856 3605 923 3651 uon
944 3594 1035 3648 ratus
1056 3575 1114 3648 ore
1136 3579 1306 3668 sacerdos,

363 3703 601 3793 Damnataeque
615 3725 728 3793 preces
742 3726 749 3767 :
765 3699 849 3768 ferat
862 3700 948 3784 lraec,
962 3724 1036 3792 quae
1048 3699 1181 3794 dignior
1193 3701 1313 3778 umbra
1324 3715 1409 3768 ost.»

409 3823 480 3888 lam
501 3818 571 3886 lace
587 3819 734 3911 subjecta
750 3821 866 3914 primis
884 3821 917 3887 in
937 3819 1110 3888 frondibus
1128 3821 1212 3912 ignis

362 3937 534 4006 Exclamat
552 3963 559 4004 :
578 3935 674 4007 labor
691 3941 823 4008 insanos
842 3965 953 4008 arcere
969 3954 1131 4032 parentes.

362 4059 460 4125 Stant
475 4057 560 4150 jussi
576 4059 704 4145 Danai,
724 4074 823 4152 atque
841 4059 985 4128 obtentis
1002 4061 1138 4128 eminus
1150 4061 1251 4126 armis
