3080 5136
314 453 355 508 IN
376 453 406 506 P.
426 452 457 507 P.
479 449 735 508 statumen.
756 449 826 504 Lm.
847 447 897 505 vl.
1078 447 1135 504 313

124 566 306 644 insignesque
318 567 438 622 'hunoeri
452 563 492 646 (v.
516 563 594 644 571).
610 566 752 640 Copulam
764 563 903 621 omittunt
921 581 934 619 ι
951 563 1051 620 Bchot.
1071 574 1100 620 ct
1119 572 1136 632 t,

87 659 171 716 codd.
186 679 232 735 ap.
246 659 368 717 Dorrill.
384 659 421 716 ad
437 658 546 716 Charit.
566 675 596 733 p.
615 655 666 715 161
684 655 777 736 (297),
792 656 874 731 quod
887 655 934 712 hic
947 656 1063 729 probat.

125 769 291 843 deplorent
309 778 469 841 acuuntque
496 764 534 842 (v.
558 761 638 842 588).
666 761 760 820 Codd.
776 762 913 836 aliquot,
935 760 966 816 ἱιι
992 762 1136 838 quibusa

88 864 176 938 chg.
186 900 195 930 ,
207 861 281 916 benc
298 860 522 926 :accumulem
541 875 558 913 a
579 855 693 914 Bchott.
712 875 719 911 ι
733 855 921 911 instimulant.

126 965 410 1041 Brevemquesugnm
422 984 476 1021 nec
489 963 646 1040 optitofine
660 975 800 1038 reponunt
812 958 852 1038 (v.
868 957 947 1039 592).
963 961 986 1017 1.
1002 979 1026 1017 e.
1049 963 1138 1018 omit-

85 1070 151 1115 tunt
158 1100 167 1131 ‚
180 1059 217 1134 gt.
233 1081 246 1108 ι
256 1057 317 1114 Nec
329 1058 416 1133 opino
422 1057 496 1131 fine.
512 1056 587 1126 Quia
600 1055 709 1112 incerta
722 1053 930 1135 nietaest,i1no
943 1055 1039 1125 nulla,
1048 1073 1138 1128 quum

85 1153 187 1209 crebro
196 1151 271 1208 saltu
284 1149 455 1208 excurritur.
470 1151 600 1208 Incertus
614 1148 690 1206 enim
708 1146 813 1205 modus
823 1147 961 1204 currendi
975 1157 1033 1219 est,
1048 1166 1140 1222 quum

86 1244 285 1319 unusquisque
305 1243 393 1300 saltus
414 1240 512 1298 habita
528 1239 577 1319 [an
594 1261 614 1297 a
628 1241 731 1296 ἱίιιεαὲ
750 1242 836 1297 Deest
855 1237 931 1296 euim
947 1243 1096 1298 uoluntate
1110 1240 1140 1297 in

85 1340 150 1392 Par.
171 1334 250 1413 cod]
262 1334 440 1409 proludunt,
454 1332 485 1389 id
499 1344 541 1390 est
557 1333 714 1390 currebant
729 1333 787 1388 cito
802 1331 969 1404 redeuntes,
989 1332 1071 1408 quod
1087 1350 1139 1389 so-

86 1431 146 1485 lent
165 1447 252 1486 cursu
278 1447 308 1485 se
334 1437 525 1502 preparantes
551 1423 682 1497 efficere,
700 1435 733 1481 ut
758 1426 820 1500 ipsc
843 1425 879 1482 de
906 1425 989 1500 equis
1009 1425 1140 1500 superius

83 1520 124 1600 [v.
139 1519 207 1600 4⁰0]
225 1521 264 1577 ait
278 1541 285 1577 :
302 1522 427 1576 Pereunt
438 1520 561 1595 vestigia
578 1521 658 1576 mille
668 1519 895 1594 decajugum.»
913 1520 1003 1574 Iuor.
1017 1549 1058 1561 ·-
1071 1519 1139 1593 Seq.

85 1633 113 1670 v.
128 1613 210 1670 mtrlti
225 1613 311 1670 codd.
326 1633 333 1670 ι
352 1614 390 1668 Ut
401 1615 464 1668 mit.
640 1686 643 1692 Ι
700 1688 704 1694 ⁴

129 1709 266 1784 Dictoque
280 1717 400 1762 monent
414 1705 453 1783 (v.
472 1703 551 1782 631).
566 1707 602 1761 V.
619 1707 756 1762 Gronov.
770 1706 816 1760 At.
828 1704 936 1778 favent
949 1708 995 1764 vel
1003 1719 1120 1784 parcnt.

130 1813 243 1870 Gaudet
255 1823 387 1868 contenta
400 1809 430 1886 (v
459 1808 539 1888 645).
554 1813 664 1867 Verum
682 1819 725 1866 cst
747 1809 830 1884 quod
848 1811 980 1885 praebent
1000 1814 1055 1868 MR
1076 1823 1140 1868 eta

85 1904 136 1960 alii
152 1905 238 1962 codd.
252 1906 349 1961 Barth.
366 1923 373 1959 ι
389 1903 495 1961 «vadit
510 1913 611 1959 cont.»
631 1903 763 1960 Alterum
782 1920 818 1958 cx
834 1901 953 1978 interpr.
972 1915 1077 1961 ortunu

129 1997 173 2053 Ab
192 1999 252 2054 alto
270 1993 309 2075 (v.
325 1993 405 2074 683).
420 1997 475 2052 ΜΒ
491 2014 499 2050 :
513 1996 552 2051 ab
565 1996 662 2063 asuri,
677 1995 821 2068 probante
835 1995 963 2052 Barthio.

129 2100 283 2177 Majorque
303 2120 404 2158 monus
422 2114 556 2179 spemtur
571 2103 600 2158 ιἰι
619 2119 703 2176 oequo
722 2099 761 2178 (v.
782 2099 862 2177 690).
890 2101 949 2157 rId
974 2110 1016 2156 est
1033 2101 1143 2173 majore

85 2194 193 2250 virtute
203 2213 277 2269 opus
290 2212 349 2250 esse
362 2193 612 2271 inlou'gitudinem
621 2211 709 2269 qnam
718 2192 749 2248 in
758 2191 940 2250 altitudinem
947 2192 1120 2265 jaculatum.
1129 2217 1142 2243 n

84 2289 172 2342 Lacr.
187 2317 227 2329 -
240 2288 326 2356 Post,
339 2305 367 2342 v.
388 2287 463 2363 699,
476 2289 532 2344 ΜΒ
548 2306 555 2342 :
571 2284 749 2362 erogando.»

133 2391 245 2447 Vae'rcdes
258 2389 390 2448 humeros
410 2389 448 2470 (v.
469 2392 547 2470 μή).
562 2394 686 2449 «Latera
703 2389 881 2447 montium.»
899 2392 999 2448 Gnoss.
1020 2392 1061 2448 Ut
1082 2377 1143 2448 Pli-

83 2484 165 2554 nius,
187 2485 224 2539 11.
244 2484 297 2553 Μ,
318 2503 363 2556 ιι,
377 2491 430 2557 44,
449 2503 495 2561 ap.
514 2486 612 2543 Barth.
626 2489 634 2542 ὲ
649 2510 661 2536 «
676 2484 851 2542 Montium...
871 2484 1018 2540 confracta
1035 2483 1066 2539 in
1084 2485 1142 2540 hu-

87 2595 182 2633 meros
194 2577 273 2653 juga.
289 2600 301 2627 ι
695 2573 696 2577 ’

128 2683 174 2738 Sic
186 2695 214 2739 et
229 2683 373 2738 Alcidae...
382 2681 507 2758 jungere
520 2688 594 2740 coelo
610 2680 649 2760 (v.
662 2684 818 2762 7¹9-t²¹)·
832 2685 900 2742 Non
914 2703 974 2742 cese
987 2684 1075 2758 hujus
1088 2687 1146 2743 loci

88 2786 210 2851 apparet
228 2775 292 2833 illos
315 2786 373 2832 tres
389 2795 504 2847 versus,
524 2796 598 2853 quos
619 2778 730 2852 primus
750 2779 871 2836 insenuit
885 2779 1067 2850 Gronovius,
1086 2780 1146 2835 haec

90 2869 248 2928 observans
265 2887 272 2924 :
289 2869 413 2926 «Inveni
426 2869 481 2927 hos
495 2881 555 2928 tres
572 2889 671 2927 versus
685 2871 716 2928 in
729 2871 947 2928 membranaceo
965 2871 1080 2943 codice,
1094 2873 1145 2946 qui

82 2961 159 3018 olim
174 2961 227 3018 Bil.
243 2960 445 3034 Pircheimeri,
459 2981 537 3020 nunc
551 2961 715 3019 Arondelia
729 2962 842 3020 comitis
859 2973 918 3036 eet;
931 2983 981 3022 eos
994 2982 1049 3020 nec
1062 2964 1146 3021 ιιὶιιιὶι

85 3051 241 3110 affirmabo
254 3052 337 3111 statii
350 3073 427 3126 csse,
447 3055 515 3130 quia
527 3055 559 3110 in
576 3073 637 3110 uno
652 3055 714 3111 solo
731 3055 831 3112 codice
845 3055 958 3130 reperi,
972 3074 1026 3112 nec
1044 3059 1144 3113 exclu-

85 3146 157 3202 dere
173 3146 291 3202 omnino
305 3165 436 3220 possum,
450 3147 519 3223 quia
533 3147 570 3202 ab
584 3146 701 3223 ingenio
716 3146 778 3220 ejus
791 3146 877 3204 alieni
889 3166 951 3204 non
964 3159 1039 3205 sunt.
1051 3173 1064 3198 υ

129 3252 270 3308 Immanis
292 3253 387 3321 remi,
409 3254 601 3328 [inmanique
621 3253 710 3309 teneri
728 3251 766 3328 (v.
783 3251 864 3330 731).
894 3253 1091 3329 «tegendum
1111 3273 1145 3312 ex

81 3345 150 3402 MS.
170 3343 258 3423 [adde
273 3347 415 3416 Petrens,
434 3365 452 3401 n
471 3344 741 3423 Behou.,1teg.2]
762 3355 791 3402 et
809 3345 855 3402 ed.
871 3347 1014 3404 vetustiss.
1036 3367 1043 3402 ε
1064 3349 1144 3406 tueri.

83 3437 256 3510 Terribilis,
272 3438 384 3514 inquit,
398 3439 462 3497 visu
476 3439 537 3496 aliis
549 3438 717 3511 ridebatur,
726 3449 755 3494 et
768 3457 869 3496 revera
883 3451 952 3496 erat.
968 3465 981 3490 n
995 3443 1147 3514 Gronov„

82 3531 199 3599 Dura,
222 3550 252 3604 p.
273 3533 321 3607 93.
337 3532 501 3589 Assentitur
522 3531 628 3589 Markl.
649 3533 692 3588 ad
706 3532 791 3602 Sila,
809 3551 852 3602 tt,
874 3532 939 3592 168.
961 3533 1020 3590 Alii
1040 3534 1147 3605 codd,

81 3624 118 3677 in
137 3623 243 3696 quibus
255 3625 305 3680 Pa
321 3644 329 3679 ε
345 3625 463 3681 αιὶηιενί
470 3649 497 3695 ι,
516 3624 614 3701 quod,
625 3623 724 3697 judice
740 3643 803 3697 mc,
816 3623 906 3681 nimio
925 3636 1047 3699 praestat.

129 3717 190 3771 Nec
202 3735 269 3772 mea
282 3719 403 3773 cmdclir
421 3719 499 3774 ciuili
510 3719 648 3794 congrium
660 3719 748 3774 vimis
771 3716 810 3796 (v.
831 3715 920 3797 737).
932 3719 1066 3776 Debebat
1089 3739 1148 3776 esse

85 3829 147 3864 uon
160 3827 232 3868 mea.
248 3811 306 3867 Sed
323 3822 356 3868 tu
376 3813 438 3887 lege
452 3830 488 3868 ex
502 3813 557 3867 ΜΒ
576 3831 583 3866 :
599 3813 666 3868 «Ne
680 3831 742 3868 mea
758 3813 907 3869 crudescat
925 3812 977 3868 civ.
990 3799 1148 3870 s-Ver'su

85 3919 150 3975 seq.
170 3903 303 3958 nonnulli
316 3927 328 3952 σι
339 3903 473 3960 animiam
496 3904 539 3961 Cf.
558 3906 643 3960 Wrs.

134 3996 175 4049 Et
190 3995 307 4051 bmcltc'a
313 3997 407 4070 finxit
419 3999 576 4054 Materiam
593 3995 746 4073 (suadebat
765 3996 858 4077 amor)
878 3997 916 4075 (v.
933 3996 1013 4078 743).
1028 3997 1075 4054 Sic
1092 3997 1152 4052 haer

85 4087 239 4145 durissime
255 4087 422 4146 distinxerat
442 4093 571 4147 Gronov.
591 4092 683 4147 Recte
705 4091 829 4166 explicat
847 4091 980 4148 Barthius
1002 4111 1008 4146 :
1029 4088 1149 4147 ludendi
