<?xml version="1.0" encoding="UTF-8"?>
<!DOCTYPE html PUBLIC "-//W3C//DTD XHTML 1.0 Transitional//EN"
    "http://www.w3.org/TR/xhtml1/DTD/xhtml1-transitional.dtd">
<html xmlns="http://www.w3.org/1999/xhtml" xml:lang="en" lang="en">
 <head>
  <title>
</title>
<meta http-equiv="Content-Type" content="text/html;charset=utf-8" />
  <meta name='ocr-system' content='tesseract 3.04.00' />
  <meta name='ocr-capabilities' content='ocr_page ocr_carea ocr_par ocr_line ocrx_word'/>
</head>
<body>
  <div class='ocr_page' id='page_1' title='image "./operaquaeextant00dbgoog_0481.png"; bbox 0 0 3172 5142; ppageno 0'>
   <div class='ocr_carea' id='block_1_1' title="bbox 385 427 1420 528">
    <p class='ocr_par' dir='ltr' id='par_1_1' title="bbox 385 427 1420 544">
     <span class='ocr_line' id='line_1_1' title="bbox 385 427 1420 528; baseline 0.006 -12"><span class='ocrx_word' id='word_1_1' title='bbox 385 467 442 528; x_wconf 68' lang='lat'><strong>140</strong></span> <span class='ocrx_word' id='word_1_2' title='bbox 616 427 621 434; x_wconf 69' lang='grc'><strong>’</strong></span> <span class='ocrx_word' id='word_1_3' title='bbox 691 461 903 518; x_wconf 84' lang='lat' dir='ltr'><strong>runnunos</strong></span> <span class='ocrx_word' id='word_1_4' title='bbox 925 461 1130 520; x_wconf 72' lang='lat' dir='ltr'><strong>nmmum.</strong></span> <span class='ocrx_word' id='word_1_5' title='bbox 1319 463 1420 524; x_wconf 60' lang='grc' dir='ltr'><strong>(νισι</strong></span> 
     </span>
    </p>
   </div>
   <div class='ocr_carea' id='block_1_2' title="bbox 380 582 1261 802">
    <p class='ocr_par' dir='ltr' id='par_1_2' title="bbox 380 582 1261 802">
     <span class='ocr_line' id='line_1_2' title="bbox 380 582 1193 681; baseline 0 -27"><span class='ocrx_word' id='word_1_6' title='bbox 380 585 531 681; x_wconf 83' lang='lat' dir='ltr'><strong>Longius</strong></span> <span class='ocrx_word' id='word_1_7' title='bbox 548 584 704 678; x_wconf 87' lang='lat' dir='ltr'><strong>opposita</strong></span> <span class='ocrx_word' id='word_1_8' title='bbox 723 582 1035 656; x_wconf 86' lang='lat' dir='ltr'><strong>celantemlumina</strong></span> <span class='ocrx_word' id='word_1_9' title='bbox 1055 610 1193 680; x_wconf 87' lang='lat' dir='ltr'><strong>parma:</strong></span> 
     </span>
     <span class='ocr_line' id='line_1_3' title="bbox 380 703 1261 802; baseline -0.001 -28"><span class='ocrx_word' id='word_1_10' title='bbox 380 705 456 774; x_wconf 83' lang='lat' dir='ltr'>Ibat</span> <span class='ocrx_word' id='word_1_11' title='bbox 474 707 562 774; x_wconf 84' lang='lat' dir='ltr'><strong>enim</strong></span> <span class='ocrx_word' id='word_1_12' title='bbox 582 729 744 802; x_wconf 88' lang='lat' dir='ltr'><strong>magnum</strong></span> <span class='ocrx_word' id='word_1_13' title='bbox 758 703 913 800; x_wconf 80' lang='lat' dir='ltr'><strong>lacrymis</strong></span> <span class='ocrx_word' id='word_1_14' title='bbox 932 703 1100 775; x_wconf 86' lang='lat' dir='ltr'><strong>inflectere</strong></span> <span class='ocrx_word' id='word_1_15' title='bbox 1119 721 1261 801; x_wconf 81' lang='lat' dir='ltr'><strong>patrem.</strong></span> 
     </span>
    </p>
   </div>
   <div class='ocr_carea' id='block_1_3' title="bbox 359 821 1381 3322">
    <p class='ocr_par' dir='ltr' id='par_1_3' title="bbox 359 821 1364 2238">
     <span class='ocr_line' id='line_1_4' title="bbox 429 821 1274 922; baseline 0 -28"><span class='ocrx_word' id='word_1_16' title='bbox 429 828 516 894; x_wconf 88' lang='lat' dir='ltr'><strong>Ecce</strong></span> <span class='ocrx_word' id='word_1_17' title='bbox 534 840 625 894; x_wconf 83' lang='lat' dir='ltr'><strong>secat</strong></span> <span class='ocrx_word' id='word_1_18' title='bbox 643 826 814 920; x_wconf 80' lang='lat' dir='ltr'><strong>Zephyros</strong></span> <span class='ocrx_word' id='word_1_19' title='bbox 832 827 1002 922; x_wconf 91' lang='lat' dir='ltr'><strong>ingentem</strong></span> <span class='ocrx_word' id='word_1_20' title='bbox 1021 825 1173 895; x_wconf 79' lang='lat' dir='ltr'>fraxinus</span> <span class='ocrx_word' id='word_1_21' title='bbox 1188 821 1274 895; x_wconf 84' lang='lat' dir='ltr'><strong>iram</strong></span> 
     </span>
     <span class='ocr_line' id='line_1_5' title="bbox 382 945 1239 1040; baseline 0.002 -27"><span class='ocrx_word' id='word_1_22' title='bbox 382 949 632 1040; x_wconf 79' lang='lat' dir='ltr'><strong>Fortunamque</strong></span> <span class='ocrx_word' id='word_1_23' title='bbox 648 945 758 1014; x_wconf 87' lang='lat' dir='ltr'><strong>ferens</strong></span> <span class='ocrx_word' id='word_1_24' title='bbox 777 972 784 1013; x_wconf 92' lang='lat'>:</span> <span class='ocrx_word' id='word_1_25' title='bbox 806 945 865 1015; x_wconf 89' lang='lat' dir='ltr'><strong>teli</strong></span> <span class='ocrx_word' id='word_1_26' title='bbox 884 971 952 1015; x_wconf 93' lang='lat' dir='ltr'><strong>non</strong></span> <span class='ocrx_word' id='word_1_27' title='bbox 970 947 1094 1016; x_wconf 89' lang='lat' dir='ltr'><strong>eminet</strong></span> <span class='ocrx_word' id='word_1_28' title='bbox 1111 961 1239 1015; x_wconf 81' lang='lat' dir='ltr'><strong>auctor.</strong></span> 
     </span>
     <span class='ocr_line' id='line_1_6' title="bbox 359 1051 1248 1161; baseline -0.001 -26"><span class='ocrx_word' id='word_1_29' title='bbox 359 1051 362 1062; x_wconf 45' lang='lat'>¹</span> <span class='ocrx_word' id='word_1_30' title='bbox 382 1065 555 1135; x_wconf 78' lang='lat' dir='ltr'><strong>Astacides</strong></span> <span class='ocrx_word' id='word_1_31' title='bbox 569 1064 784 1160; x_wconf 88' lang='lat' dir='ltr'><strong>Menalippus</strong></span> <span class='ocrx_word' id='word_1_32' title='bbox 806 1081 895 1154; x_wconf 81' lang='lat' dir='ltr'><strong>erat3</strong></span> <span class='ocrx_word' id='word_1_33' title='bbox 913 1063 976 1135; x_wconf 80' lang='lat' dir='ltr'><strong>nec</strong></span> <span class='ocrx_word' id='word_1_34' title='bbox 996 1065 1147 1161; x_wconf 81' lang='lat' dir='ltr'><strong>prodidit</strong></span> <span class='ocrx_word' id='word_1_35' title='bbox 1162 1068 1248 1161; x_wconf 89' lang='lat' dir='ltr'><strong>ipse,</strong></span> 
     </span>
     <span class='ocr_line' id='line_1_7' title="bbox 382 1183 1244 1282; baseline 0 -28"><span class='ocrx_word' id='word_1_36' title='bbox 382 1187 427 1254; x_wconf 89' lang='lat' dir='ltr'><strong>Et</strong></span> <span class='ocrx_word' id='word_1_37' title='bbox 444 1183 544 1255; x_wconf 82' lang='lat' dir='ltr'><strong>vellet</strong></span> <span class='ocrx_word' id='word_1_38' title='bbox 563 1185 699 1256; x_wconf 84' lang='lat' dir='ltr'><strong>latuisse</strong></span> <span class='ocrx_word' id='word_1_39' title='bbox 712 1210 852 1255; x_wconf 89' lang='lat' dir='ltr'><strong>manum</strong></span> <span class='ocrx_word' id='word_1_40' title='bbox 874 1211 883 1253; x_wconf 90' lang='lat'>:</span> <span class='ocrx_word' id='word_1_41' title='bbox 902 1185 960 1255; x_wconf 89' lang='lat' dir='ltr'><strong>sed</strong></span> <span class='ocrx_word' id='word_1_42' title='bbox 984 1186 1107 1282; x_wconf 83' lang='lat' dir='ltr'><strong>gaudia</strong></span> <span class='ocrx_word' id='word_1_43' title='bbox 1125 1201 1244 1254; x_wconf 85' lang='lat' dir='ltr'><strong>turmae</strong></span> 
     </span>
     <span class='ocr_line' id='line_1_8' title="bbox 382 1283 1328 1402; baseline -0.001 -28"><span class='ocrx_word' id='word_1_44' title='bbox 382 1307 620 1375; x_wconf 90' lang='lat' dir='ltr'><strong>Monstrabant</strong></span> <span class='ocrx_word' id='word_1_45' title='bbox 637 1283 806 1402; x_wconf 88' lang='lat' dir='ltr'><strong>trepidum</strong></span> <span class='ocrx_word' id='word_1_46' title='bbox 825 1333 833 1376; x_wconf 74' lang='grc' dir='ltr'><strong><em>ε</em></strong></span> <span class='ocrx_word' id='word_1_47' title='bbox 851 1299 928 1376; x_wconf 88' lang='lat' dir='ltr'><strong>nam</strong></span> <span class='ocrx_word' id='word_1_48' title='bbox 944 1307 1048 1375; x_wconf 85' lang='lat' dir='ltr'><strong>flexus</strong></span> <span class='ocrx_word' id='word_1_49' title='bbox 1066 1307 1102 1375; x_wconf 91' lang='lat' dir='ltr'><strong>in</strong></span> <span class='ocrx_word' id='word_1_50' title='bbox 1119 1304 1176 1374; x_wconf 88' lang='lat' dir='ltr'><strong>ilia</strong></span> <span class='ocrx_word' id='word_1_51' title='bbox 1189 1304 1328 1399; x_wconf 87' lang='lat' dir='ltr'><strong>Tydeus</strong></span> 
     </span>
     <span class='ocr_line' id='line_1_9' title="bbox 384 1423 1230 1520; baseline -0.002 -26"><span class='ocrx_word' id='word_1_52' title='bbox 384 1424 596 1494; x_wconf 88' lang='lat' dir='ltr'><strong>Submissum</strong></span> <span class='ocrx_word' id='word_1_53' title='bbox 616 1423 722 1513; x_wconf 88' lang='lat' dir='ltr'><strong>latus,</strong></span> <span class='ocrx_word' id='word_1_54' title='bbox 744 1441 777 1494; x_wconf 91' lang='lat' dir='ltr'><strong>et</strong></span> <span class='ocrx_word' id='word_1_55' title='bbox 791 1425 898 1520; x_wconf 86' lang='lat' dir='ltr'><strong>clypei</strong></span> <span class='ocrx_word' id='word_1_56' title='bbox 916 1424 1087 1494; x_wconf 81' lang='lat' dir='ltr'><strong>laxaverat</strong></span> <span class='ocrx_word' id='word_1_57' title='bbox 1102 1425 1230 1494; x_wconf 91' lang='lat' dir='ltr'><strong>orbem.</strong></span> 
     </span>
     <span class='ocr_line' id='line_1_10' title="bbox 386 1542 1270 1639; baseline -0.006 -24"><span class='ocrx_word' id='word_1_58' title='bbox 386 1543 576 1615; x_wconf 88' lang='lat' dir='ltr'><strong>Clamorem</strong></span> <span class='ocrx_word' id='word_1_59' title='bbox 594 1547 694 1621; x_wconf 85' lang='lat' dir='ltr'><strong>Aonii</strong></span> <span class='ocrx_word' id='word_1_60' title='bbox 713 1547 859 1613; x_wconf 90' lang='lat' dir='ltr'><strong>miscent</strong></span> <span class='ocrx_word' id='word_1_61' title='bbox 876 1546 1104 1639; x_wconf 81' lang='lat' dir='ltr'><strong>gemitumque</strong></span> <span class='ocrx_word' id='word_1_62' title='bbox 1121 1542 1270 1638; x_wconf 81' lang='lat' dir='ltr'><strong>Pelasgi,</strong></span> 
     </span>
     <span class='ocr_line' id='line_1_11' title="bbox 387 1643 1364 1758; baseline -0.003 -24"><span class='ocrx_word' id='word_1_63' title='bbox 387 1663 636 1758; x_wconf 85' lang='lat' dir='ltr'><strong>Objectantque</strong></span> <span class='ocrx_word' id='word_1_64' title='bbox 654 1643 794 1752; x_wconf 87' lang='lat' dir='ltr'><strong>manus,</strong></span> <span class='ocrx_word' id='word_1_65' title='bbox 812 1663 1110 1758; x_wconf 85' lang='lat' dir='ltr'><strong>indignantemque</strong></span> <span class='ocrx_word' id='word_1_66' title='bbox 1126 1678 1274 1732; x_wconf 91' lang='lat' dir='ltr'><strong>tuentur.</strong></span> <span class='ocrx_word' id='word_1_67' title='bbox 1360 1645 1364 1652; x_wconf 32' lang='lat'><strong>⁴</strong></span> 
     </span>
     <span class='ocr_line' id='line_1_12' title="bbox 387 1782 1222 1878; baseline -0.001 -25"><span class='ocrx_word' id='word_1_68' title='bbox 387 1782 448 1853; x_wconf 87' lang='lat' dir='ltr'><strong>Ille</strong></span> <span class='ocrx_word' id='word_1_69' title='bbox 467 1808 528 1878; x_wconf 91' lang='lat' dir='ltr'><strong>per</strong></span> <span class='ocrx_word' id='word_1_70' title='bbox 544 1785 735 1878; x_wconf 90' lang='lat' dir='ltr'><strong>oppositos,</strong></span> <span class='ocrx_word' id='word_1_71' title='bbox 755 1782 856 1878; x_wconf 89' lang='lat' dir='ltr'><strong>longe</strong></span> <span class='ocrx_word' id='word_1_72' title='bbox 872 1785 1034 1872; x_wconf 90' lang='lat' dir='ltr'><strong>rimatus,</strong></span> <span class='ocrx_word' id='word_1_73' title='bbox 1053 1807 1222 1870; x_wconf 87' lang='lat' dir='ltr'><strong>amarum,</strong></span> 
     </span>
     <span class='ocr_line' id='line_1_13' title="bbox 392 1904 1173 1998; baseline -0.003 -24"><span class='ocrx_word' id='word_1_74' title='bbox 392 1904 594 1992; x_wconf 75' lang='lat' dir='ltr'><strong>Astaciden,</strong></span> <span class='ocrx_word' id='word_1_75' title='bbox 614 1905 693 1974; x_wconf 87' lang='lat' dir='ltr'><strong>totis</strong></span> <span class='ocrx_word' id='word_1_76' title='bbox 713 1905 832 1974; x_wconf 78' lang='lat' dir='ltr'><strong>animae</strong></span> <span class='ocrx_word' id='word_1_77' title='bbox 852 1928 887 1974; x_wconf 89' lang='lat' dir='ltr'><strong>se</strong></span> <span class='ocrx_word' id='word_1_78' title='bbox 905 1905 998 1998; x_wconf 88' lang='lat' dir='ltr'><strong>cogit</strong></span> <span class='ocrx_word' id='word_1_79' title='bbox 1016 1906 1051 1972; x_wconf 91' lang='lat' dir='ltr'><strong>in</strong></span> <span class='ocrx_word' id='word_1_80' title='bbox 1070 1906 1173 1973; x_wconf 90' lang='lat' dir='ltr'><strong>ictum</strong></span> 
     </span>
     <span class='ocr_line' id='line_1_14' title="bbox 391 2021 1364 2118; baseline -0.005 -24"><span class='ocrx_word' id='word_1_81' title='bbox 391 2022 584 2118; x_wconf 87' lang='lat' dir='ltr'><strong>Relliquiis,</strong></span> <span class='ocrx_word' id='word_1_82' title='bbox 602 2023 774 2118; x_wconf 90' lang='lat' dir='ltr'><strong>telumque</strong></span> <span class='ocrx_word' id='word_1_83' title='bbox 790 2025 889 2117; x_wconf 88' lang='lat' dir='ltr'><strong>jacit,</strong></span> <span class='ocrx_word' id='word_1_84' title='bbox 906 2023 998 2117; x_wconf 91' lang='lat' dir='ltr'><strong>quod</strong></span> <span class='ocrx_word' id='word_1_85' title='bbox 1017 2027 1197 2118; x_wconf 83' lang='lat' dir='ltr'><strong>proximus</strong></span> <span class='ocrx_word' id='word_1_86' title='bbox 1212 2021 1364 2117; x_wconf 88' lang='lat' dir='ltr'><strong>Hopleus</strong></span> 
     </span>
     <span class='ocr_line' id='line_1_15' title="bbox 392 2144 1275 2238; baseline -0.003 -23"><span class='ocrx_word' id='word_1_87' title='bbox 392 2144 583 2215; x_wconf 84' lang='lat' dir='ltr'><strong>Praebuerat</strong></span> <span class='ocrx_word' id='word_1_88' title='bbox 603 2169 611 2211; x_wconf 76' lang='grc' dir='ltr'><em>τ</em></span> <span class='ocrx_word' id='word_1_89' title='bbox 631 2145 718 2237; x_wconf 89' lang='lat' dir='ltr'><strong>perit</strong></span> <span class='ocrx_word' id='word_1_90' title='bbox 737 2167 913 2237; x_wconf 85' lang='lat' dir='ltr'><strong>expressus</strong></span> <span class='ocrx_word' id='word_1_91' title='bbox 933 2146 1109 2212; x_wconf 82' lang='lat' dir='ltr'><strong>conamine</strong></span> <span class='ocrx_word' id='word_1_92' title='bbox 1127 2146 1275 2238; x_wconf 88' lang='lat' dir='ltr'><strong>sanguis.</strong></span> 
     </span>
    </p>

    <p class='ocr_par' dir='ltr' id='par_1_4' title="bbox 381 2262 1381 3322">
     <span class='ocr_line' id='line_1_16' title="bbox 442 2262 1377 2359; baseline -0.004 -24"><span class='ocrx_word' id='word_1_93' title='bbox 442 2268 540 2335; x_wconf 82' lang='lat' dir='ltr'><strong>Tunc</strong></span> <span class='ocrx_word' id='word_1_94' title='bbox 554 2266 665 2334; x_wconf 87' lang='lat' dir='ltr'><strong>tristes</strong></span> <span class='ocrx_word' id='word_1_95' title='bbox 686 2264 768 2356; x_wconf 84' lang='lat' dir='ltr'><strong>socii</strong></span> <span class='ocrx_word' id='word_1_96' title='bbox 786 2263 946 2359; x_wconf 90' lang='lat' dir='ltr'><strong>cupidum</strong></span> <span class='ocrx_word' id='word_1_97' title='bbox 965 2262 1108 2352; x_wconf 88' lang='lat' dir='ltr'><strong>bellare,</strong></span> <span class='ocrx_word' id='word_1_98' title='bbox 1130 2265 1219 2358; x_wconf 88' lang='lat' dir='ltr'><strong>(quis</strong></span> <span class='ocrx_word' id='word_1_99' title='bbox 1235 2262 1377 2358; x_wconf 77' lang='lat' dir='ltr'><strong>ardorl)</strong></span> 
     </span>
     <span class='ocr_line' id='line_1_17' title="bbox 381 2367 1372 2481; baseline -0.007 -23"><span class='ocrx_word' id='word_1_100' title='bbox 381 2391 438 2458; x_wconf 84' lang='lat' dir='ltr'><strong>¹Et</strong></span> <span class='ocrx_word' id='word_1_101' title='bbox 452 2367 645 2481; x_wconf 87' lang='lat' dir='ltr'><strong>poscentem</strong></span> <span class='ocrx_word' id='word_1_102' title='bbox 662 2384 796 2468; x_wconf 82' lang='lat' dir='ltr'><strong>hastas,</strong></span> <span class='ocrx_word' id='word_1_103' title='bbox 816 2383 994 2478; x_wconf 89' lang='lat' dir='ltr'><strong>mediaque</strong></span> <span class='ocrx_word' id='word_1_104' title='bbox 1012 2385 1047 2453; x_wconf 91' lang='lat' dir='ltr'><strong>in</strong></span> <span class='ocrx_word' id='word_1_105' title='bbox 1064 2399 1175 2454; x_wconf 90' lang='lat' dir='ltr'><strong>morte</strong></span> <span class='ocrx_word' id='word_1_106' title='bbox 1193 2399 1372 2480; x_wconf 87' lang='lat' dir='ltr'><strong>negantem</strong></span> 
     </span>
     <span class='ocr_line' id='line_1_18' title="bbox 394 2503 1323 2600; baseline -0.004 -24"><span class='ocrx_word' id='word_1_107' title='bbox 394 2507 592 2599; x_wconf 85' lang='lat' dir='ltr'><strong>Exspirare,</strong></span> <span class='ocrx_word' id='word_1_108' title='bbox 611 2503 768 2592; x_wconf 87' lang='lat' dir='ltr'><strong>trahunt,</strong></span> <span class='ocrx_word' id='word_1_109' title='bbox 788 2505 976 2598; x_wconf 89' lang='lat' dir='ltr'><strong>summique</strong></span> <span class='ocrx_word' id='word_1_110' title='bbox 991 2506 1028 2574; x_wconf 93' lang='lat' dir='ltr'><strong>in</strong></span> <span class='ocrx_word' id='word_1_111' title='bbox 1044 2506 1198 2600; x_wconf 88' lang='lat' dir='ltr'><strong>margine</strong></span> <span class='ocrx_word' id='word_1_112' title='bbox 1212 2506 1323 2597; x_wconf 89' lang='lat' dir='ltr'><strong>campi</strong></span> 
     </span>
     <span class='ocr_line' id='line_1_19' title="bbox 395 2621 1181 2721; baseline -0.006 -23"><span class='ocrx_word' id='word_1_113' title='bbox 395 2625 560 2699; x_wconf 83' lang='lat' dir='ltr'><strong>Effultum</strong></span> <span class='ocrx_word' id='word_1_114' title='bbox 573 2627 707 2721; x_wconf 89' lang='lat' dir='ltr'><strong>gemina</strong></span> <span class='ocrx_word' id='word_1_115' title='bbox 722 2623 827 2694; x_wconf 90' lang='lat' dir='ltr'><strong>latera</strong></span> <span class='ocrx_word' id='word_1_116' title='bbox 845 2624 1044 2694; x_wconf 80' lang='lat' dir='ltr'><strong>inclinantia</strong></span> <span class='ocrx_word' id='word_1_117' title='bbox 1060 2621 1181 2721; x_wconf 87' lang='lat' dir='ltr'><strong>parma</strong></span> 
     </span>
     <span class='ocr_line' id='line_1_20' title="bbox 397 2743 1252 2838; baseline -0.006 -20"><span class='ocrx_word' id='word_1_118' title='bbox 397 2752 555 2833; x_wconf 85' lang='lat' dir='ltr'><strong>Ponant,</strong></span> <span class='ocrx_word' id='word_1_119' title='bbox 575 2771 614 2816; x_wconf 90' lang='lat' dir='ltr'><strong>ac</strong></span> <span class='ocrx_word' id='word_1_120' title='bbox 632 2747 710 2815; x_wconf 81' lang='lat' dir='ltr'><strong>saevi</strong></span> <span class='ocrx_word' id='word_1_121' title='bbox 729 2745 917 2814; x_wconf 88' lang='lat' dir='ltr'><strong>rediturum</strong></span> <span class='ocrx_word' id='word_1_122' title='bbox 937 2744 980 2814; x_wconf 87' lang='lat' dir='ltr'><strong>ad</strong></span> <span class='ocrx_word' id='word_1_123' title='bbox 997 2743 1113 2838; x_wconf 88' lang='lat' dir='ltr'><strong>proelia</strong></span> <span class='ocrx_word' id='word_1_124' title='bbox 1131 2745 1252 2815; x_wconf 85' lang='lat' dir='ltr'><strong>Martis</strong></span> 
     </span>
     <span class='ocr_line' id='line_1_21' title="bbox 400 2863 1313 2959; baseline -0.005 -22"><span class='ocrx_word' id='word_1_125' title='bbox 400 2869 605 2938; x_wconf 88' lang='lat' dir='ltr'><strong>Promittunt</strong></span> <span class='ocrx_word' id='word_1_126' title='bbox 621 2865 736 2936; x_wconf 86' lang='lat' dir='ltr'><strong>flentes</strong></span> <span class='ocrx_word' id='word_1_127' title='bbox 755 2893 763 2934; x_wconf 88' lang='lat'>:</span> <span class='ocrx_word' id='word_1_128' title='bbox 783 2865 840 2935; x_wconf 90' lang='lat' dir='ltr'><strong>sed</strong></span> <span class='ocrx_word' id='word_1_129' title='bbox 860 2880 894 2934; x_wconf 91' lang='lat' dir='ltr'><strong>et</strong></span> <span class='ocrx_word' id='word_1_130' title='bbox 913 2867 983 2959; x_wconf 84' lang='lat' dir='ltr'><strong>ipse</strong></span> <span class='ocrx_word' id='word_1_131' title='bbox 999 2863 1153 2934; x_wconf 86' lang='lat' dir='ltr'><strong>recedere</strong></span> <span class='ocrx_word' id='word_1_132' title='bbox 1174 2864 1313 2947; x_wconf 84' lang='lat' dir='ltr'><strong>coelum,</strong></span> 
     </span>
     <span class='ocr_line' id='line_1_22' title="bbox 398 2983 1195 3084; baseline -0.005 -27"><span class='ocrx_word' id='word_1_133' title='bbox 398 2993 621 3084; x_wconf 89' lang='lat' dir='ltr'><strong>Ingentesque</strong></span> <span class='ocrx_word' id='word_1_134' title='bbox 636 2988 766 3056; x_wconf 82' lang='lat' dir='ltr'><strong>animos</strong></span> <span class='ocrx_word' id='word_1_135' title='bbox 786 3000 935 3072; x_wconf 83' lang='lat' dir='ltr'><strong>extremo</strong></span> <span class='ocrx_word' id='word_1_136' title='bbox 955 2985 1078 3079; x_wconf 89' lang='lat' dir='ltr'><strong>frigore</strong></span> <span class='ocrx_word' id='word_1_137' title='bbox 1096 2983 1162 3054; x_wconf 88' lang='lat' dir='ltr'><strong>labi</strong></span> <span class='ocrx_word' id='word_1_138' title='bbox 1189 3001 1195 3012; x_wconf 85' lang='grc'><em>·</em></span> 
     </span>
     <span class='ocr_line' id='line_1_23' title="bbox 400 3091 1381 3196; baseline -0.005 -17"><span class='ocrx_word' id='word_1_139' title='bbox 400 3105 529 3196; x_wconf 84' lang='lat' dir='ltr'><strong>Sensit,</strong></span> <span class='ocrx_word' id='word_1_140' title='bbox 547 3123 580 3177; x_wconf 92' lang='lat' dir='ltr'><strong>et</strong></span> <span class='ocrx_word' id='word_1_141' title='bbox 600 3109 736 3176; x_wconf 85' lang='lat' dir='ltr'><strong>innixus</strong></span> <span class='ocrx_word' id='word_1_142' title='bbox 756 3122 868 3195; x_wconf 72' lang='lat' dir='ltr'><strong>terrae,</strong></span> <span class='ocrx_word' id='word_1_143' title='bbox 888 3107 1138 3196; x_wconf 71' lang='lat' dir='ltr'><strong>«Miserescite,</strong></span> <span class='ocrx_word' id='word_1_144' title='bbox 1159 3106 1295 3190; x_wconf 87' lang='lat' dir='ltr'><strong>clamat,</strong></span> <span class='ocrx_word' id='word_1_145' title='bbox 1379 3091 1381 3096; x_wconf 33' lang='lat'><strong><em>¹</em></strong></span> 
     </span>
     <span class='ocr_line' id='line_1_24' title="bbox 400 3227 1327 3322; baseline -0.004 -23"><span class='ocrx_word' id='word_1_146' title='bbox 400 3228 568 3299; x_wconf 80' lang='lat' dir='ltr'><strong>Inachidae</strong></span> <span class='ocrx_word' id='word_1_147' title='bbox 588 3253 596 3297; x_wconf 75' lang='grc' dir='ltr'><strong>ε</strong></span> <span class='ocrx_word' id='word_1_148' title='bbox 618 3253 687 3296; x_wconf 92' lang='lat' dir='ltr'><strong>non</strong></span> <span class='ocrx_word' id='word_1_149' title='bbox 705 3251 781 3296; x_wconf 88' lang='lat' dir='ltr'><strong>ossa</strong></span> <span class='ocrx_word' id='word_1_150' title='bbox 799 3252 922 3321; x_wconf 86' lang='lat' dir='ltr'><strong>precor</strong></span> <span class='ocrx_word' id='word_1_151' title='bbox 939 3227 1128 3297; x_wconf 84' lang='lat' dir='ltr'><strong>referantur</strong></span> <span class='ocrx_word' id='word_1_152' title='bbox 1147 3242 1186 3295; x_wconf 92' lang='lat' dir='ltr'><strong>ut</strong></span> <span class='ocrx_word' id='word_1_153' title='bbox 1204 3231 1327 3322; x_wconf 91' lang='lat' dir='ltr'><strong>Argos,</strong></span> 
     </span>
    </p>
   </div>
   <div class='ocr_carea' id='block_1_4' title="bbox 404 3346 1405 3442">
    <p class='ocr_par' dir='ltr' id='par_1_5' title="bbox 404 3346 1405 3442">
     <span class='ocr_line' id='line_1_25' title="bbox 404 3346 1405 3442; baseline -0.003 -23"><span class='ocrx_word' id='word_1_154' title='bbox 404 3350 594 3420; x_wconf 82' lang='lat' dir='ltr'><strong>AEtolumve</strong></span> <span class='ocrx_word' id='word_1_155' title='bbox 611 3346 713 3416; x_wconf 86' lang='lat' dir='ltr'><strong>larem</strong></span> <span class='ocrx_word' id='word_1_156' title='bbox 730 3373 738 3415; x_wconf 75' lang='grc' dir='ltr'><strong><em>ε</em></strong></span> <span class='ocrx_word' id='word_1_157' title='bbox 754 3372 815 3416; x_wconf 88' lang='lat' dir='ltr'><strong>nec</strong></span> <span class='ocrx_word' id='word_1_158' title='bbox 830 3348 921 3415; x_wconf 90' lang='lat' dir='ltr'><strong>euim</strong></span> <span class='ocrx_word' id='word_1_159' title='bbox 938 3347 1020 3415; x_wconf 89' lang='lat' dir='ltr'><strong>mihi</strong></span> <span class='ocrx_word' id='word_1_160' title='bbox 1036 3371 1117 3416; x_wconf 88' lang='lat' dir='ltr'><strong>cura</strong></span> <span class='ocrx_word' id='word_1_161' title='bbox 1135 3349 1281 3442; x_wconf 88' lang='lat' dir='ltr'><strong>supremi</strong></span> <span class='ocrx_word' id='word_1_162' title='bbox 1402 3355 1405 3360; x_wconf 84' lang='grc'><em>“</em></span> 
     </span>
    </p>
   </div>
   <div class='ocr_carea' id='block_1_5' title="bbox 403 3465 1386 4165">
    <p class='ocr_par' dir='ltr' id='par_1_6' title="bbox 403 3465 1386 3922">
     <span class='ocr_line' id='line_1_26' title="bbox 403 3465 1386 3562; baseline -0.005 -23"><span class='ocrx_word' id='word_1_163' title='bbox 403 3469 564 3540; x_wconf 88' lang='lat' dir='ltr'><strong>Funeris:</strong></span> <span class='ocrx_word' id='word_1_164' title='bbox 579 3465 635 3536; x_wconf 92' lang='lat' dir='ltr'><strong>odi</strong></span> <span class='ocrx_word' id='word_1_165' title='bbox 652 3481 760 3554; x_wconf 86' lang='lat' dir='ltr'><strong>artus,</strong></span> <span class='ocrx_word' id='word_1_166' title='bbox 780 3465 999 3562; x_wconf 82' lang='lat' dir='ltr'><strong>fragilemque</strong></span> <span class='ocrx_word' id='word_1_167' title='bbox 1013 3466 1105 3536; x_wconf 93' lang='lat' dir='ltr'><strong>hunc</strong></span> <span class='ocrx_word' id='word_1_168' title='bbox 1123 3469 1274 3561; x_wconf 89' lang='lat' dir='ltr'><strong>corporis</strong></span> <span class='ocrx_word' id='word_1_169' title='bbox 1294 3492 1386 3536; x_wconf 88' lang='lat' dir='ltr'><strong>usum</strong></span> 
     </span>
     <span class='ocr_line' id='line_1_27' title="bbox 405 3587 1351 3684; baseline -0.006 -23"><span class='ocrx_word' id='word_1_170' title='bbox 405 3594 621 3661; x_wconf 91' lang='lat' dir='ltr'><strong>Desertorem</strong></span> <span class='ocrx_word' id='word_1_171' title='bbox 637 3587 764 3656; x_wconf 89' lang='lat' dir='ltr'><strong>animi:</strong></span> <span class='ocrx_word' id='word_1_172' title='bbox 784 3601 900 3680; x_wconf 91' lang='lat' dir='ltr'><strong>caput,</strong></span> <span class='ocrx_word' id='word_1_173' title='bbox 918 3612 939 3656; x_wconf 92' lang='lat' dir='ltr'><strong>o</strong></span> <span class='ocrx_word' id='word_1_174' title='bbox 958 3602 1076 3684; x_wconf 80' lang='lat' dir='ltr'><strong>caput,</strong></span> <span class='ocrx_word' id='word_1_175' title='bbox 1096 3612 1117 3655; x_wconf 94' lang='lat' dir='ltr'><strong>o</strong></span> <span class='ocrx_word' id='word_1_176' title='bbox 1133 3588 1215 3655; x_wconf 90' lang='lat' dir='ltr'><strong>mihi</strong></span> <span class='ocrx_word' id='word_1_177' title='bbox 1236 3589 1263 3656; x_wconf 89' lang='lat' dir='ltr'><strong>si</strong></span> <span class='ocrx_word' id='word_1_178' title='bbox 1281 3589 1351 3681; x_wconf 90' lang='lat' dir='ltr'><strong>quis</strong></span> 
     </span>
     <span class='ocr_line' id='line_1_28' title="bbox 405 3705 1328 3804; baseline -0.004 -25"><span class='ocrx_word' id='word_1_179' title='bbox 405 3714 588 3804; x_wconf 84' lang='lat' dir='ltr'><strong>Apportet,</strong></span> <span class='ocrx_word' id='word_1_180' title='bbox 610 3705 816 3804; x_wconf 82' lang='lat' dir='ltr'><strong>Menalippe.</strong></span> <span class='ocrx_word' id='word_1_181' title='bbox 836 3705 946 3776; x_wconf 85' lang='lat' dir='ltr'><strong>tuum!</strong></span> <span class='ocrx_word' id='word_1_182' title='bbox 966 3733 1044 3778; x_wconf 89' lang='lat' dir='ltr'><strong>nam</strong></span> <span class='ocrx_word' id='word_1_183' title='bbox 1060 3707 1202 3777; x_wconf 84' lang='lat' dir='ltr'><strong>volveris</strong></span> <span class='ocrx_word' id='word_1_184' title='bbox 1220 3710 1328 3776; x_wconf 85' lang='lat' dir='ltr'><strong>arvis:</strong></span> 
     </span>
     <span class='ocr_line' id='line_1_29' title="bbox 407 3826 1276 3922; baseline -0.003 -23"><span class='ocrx_word' id='word_1_185' title='bbox 407 3828 492 3899; x_wconf 90' lang='lat' dir='ltr'><strong>Fido</strong></span> <span class='ocrx_word' id='word_1_186' title='bbox 506 3826 678 3922; x_wconf 85' lang='lat' dir='ltr'><strong>equidem;</strong></span> <span class='ocrx_word' id='word_1_187' title='bbox 695 3853 756 3898; x_wconf 84' lang='lat' dir='ltr'><strong>neo</strong></span> <span class='ocrx_word' id='word_1_188' title='bbox 775 3855 828 3897; x_wconf 84' lang='lat' dir='ltr'><strong>rue</strong></span> <span class='ocrx_word' id='word_1_189' title='bbox 847 3827 953 3896; x_wconf 89' lang='lat' dir='ltr'><strong>virtus</strong></span> <span class='ocrx_word' id='word_1_190' title='bbox 974 3851 1129 3921; x_wconf 90' lang='lat' dir='ltr'><strong>suprema</strong></span> <span class='ocrx_word' id='word_1_191' title='bbox 1149 3827 1276 3896; x_wconf 90' lang='lat' dir='ltr'><strong>fefellit.</strong></span> 
     </span>
    </p>

    <p class='ocr_par' dir='ltr' id='par_1_7' title="bbox 408 3946 1323 4165">
     <span class='ocr_line' id='line_1_30' title="bbox 408 3946 1299 4044; baseline -0.004 -24"><span class='ocrx_word' id='word_1_192' title='bbox 408 3953 441 4037; x_wconf 89' lang='lat'><strong>1,</strong></span> <span class='ocrx_word' id='word_1_193' title='bbox 459 3973 591 4044; x_wconf 88' lang='lat' dir='ltr'><strong>precor,</strong></span> <span class='ocrx_word' id='word_1_194' title='bbox 611 3948 703 4016; x_wconf 75' lang='lat' dir='ltr'><strong>Atrei</strong></span> <span class='ocrx_word' id='word_1_195' title='bbox 724 3951 751 4016; x_wconf 81' lang='lat' dir='ltr'><strong>si</strong></span> <span class='ocrx_word' id='word_1_196' title='bbox 768 3946 850 4042; x_wconf 86' lang='lat' dir='ltr'><strong>quid</strong></span> <span class='ocrx_word' id='word_1_197' title='bbox 865 3948 925 4015; x_wconf 92' lang='lat' dir='ltr'><strong>tibi</strong></span> <span class='ocrx_word' id='word_1_198' title='bbox 947 3948 1118 4043; x_wconf 89' lang='lat' dir='ltr'><strong>sanguinis</strong></span> <span class='ocrx_word' id='word_1_199' title='bbox 1136 3971 1299 4040; x_wconf 87' lang='lat' dir='ltr'><strong>unquam,</strong></span> 
     </span>
     <span class='ocr_line' id='line_1_31' title="bbox 410 4065 1323 4165; baseline -0.002 -27"><span class='ocrx_word' id='word_1_200' title='bbox 410 4067 647 4165; x_wconf 90' lang='lat' dir='ltr'><strong>Hippomedon</strong></span> <span class='ocrx_word' id='word_1_201' title='bbox 666 4093 673 4137; x_wconf 91' lang='lat'>:</span> <span class='ocrx_word' id='word_1_202' title='bbox 693 4067 793 4158; x_wconf 83' lang='lat' dir='ltr'><strong>vade,</strong></span> <span class='ocrx_word' id='word_1_203' title='bbox 814 4094 835 4138; x_wconf 93' lang='lat' dir='ltr'><strong>o</strong></span> <span class='ocrx_word' id='word_1_204' title='bbox 853 4068 969 4162; x_wconf 90' lang='lat' dir='ltr'><strong>primis</strong></span> <span class='ocrx_word' id='word_1_205' title='bbox 987 4092 1069 4162; x_wconf 88' lang='lat' dir='ltr'><strong>puer</strong></span> <span class='ocrx_word' id='word_1_206' title='bbox 1090 4066 1213 4161; x_wconf 89' lang='lat' dir='ltr'><strong>inclyte</strong></span> <span class='ocrx_word' id='word_1_207' title='bbox 1227 4065 1323 4136; x_wconf 86' lang='lat' dir='ltr'><strong>bellis</strong></span> 
     </span>
    </p>
   </div>
   <div class='ocr_carea' id='block_1_6' title="bbox 1429 462 1472 518">
    <p class='ocr_par' dir='ltr' id='par_1_8' title="bbox 1429 462 1472 518">
     <span class='ocr_line' id='line_1_32' title="bbox 1429 462 1472 518; baseline 0 0"><span class='ocrx_word' id='word_1_208' title='bbox 1429 462 1472 518; x_wconf 80' lang='lat'><strong>⁵·)</strong></span> 
     </span>
    </p>
   </div>
   <div class='ocr_carea' id='block_1_7' title="bbox 0 0 1634 5142">
    <p class='ocr_par' dir='ltr' id='par_1_9' title="bbox 0 0 1634 5142">
     <span class='ocr_line' id='line_1_33' title="bbox 0 0 1634 5142; baseline 0 0"><span class='ocrx_word' id='word_1_209' title='bbox 0 0 1634 5142; x_wconf 95' lang='lat' dir='ltr'><strong> </strong></span> 
     </span>
    </p>
   </div>
  </div>
 </body>
</html>
