3172 5142
36 413 41 420 “
145 437 257 505 (ms.)
333 480 339 492 .
405 523 408 532 Ι
463 435 681 500 annaunos
704 439 815 496 unsa
836 441 916 496 v111.
1161 459 1214 511 117

147 571 321 662 Saevaque
340 557 539 635 multisonas
556 579 688 634 exercet
708 570 811 635 Poena
830 563 989 636 catenas'

149 691 244 756 Fata
259 686 373 755 ferunt
387 687 586 774 animasyet
603 686 721 755 eodem
739 684 861 781 pollice
878 686 1050 756 damnant.

149 806 277 875 Vincit
293 813 379 901 opus
395 801 404 873 ἑ
416 807 511 900 juxta
528 803 643 875 Minos
659 831 737 876 cum
756 805 860 876 fratre
878 805 1026 894 verendo

150 928 174 994 J
179 949 243 993 ura
260 925 370 1024 bonus
388 923 526 1002 meliora
544 923 676 1014 monet,
692 921 872 1020 regemque
893 941 1071 995 cruentum

150 1048 366 1140 Temperat:
386 1045 552 1114 adsistunt
566 1044 720 1140 lacrymis
737 1060 838 1140 atque
856 1048 932 1142 igne
951 1061 1118 1117 tumentes

151 1167 306 1259 Cocytos
322 1161 617 1261 Phlegethonqu03
637 1181 670 1236 et
689 1169 770 1260 Styx
788 1168 936 1261 perjuria
952 1168 1078 1237 Divum

152 1288 291 1381 Arguit.
312 1285 374 1356 lllc
392 1302 504 1356 autem
523 1281 645 1381 supera
664 1312 827 1382 compage
846 1286 973 1374 soluta,

155 1409 235 1476 Nec
254 1405 372 1479 solitus
393 1409 516 1477 sentire
536 1422 664 1498 metus,
682 1405 814 1502 expavit
834 1403 955 1477 oborta

155 1526 296 1612 Sidera,
314 1517 534 1620 jucundaque
551 1526 700 1597 offensus
717 1526 791 1596 luce
808 1525 985 1622 profatur:

210 1645 326 1732 «Quae
346 1648 513 1739 Superum
530 1643 621 1714 labes
640 1649 817 1716 inimicum·
834 1649 975 1743 impegit
995 1651 1131 1736 Averno

158 1763 323 1835 AEthera?
343 1766 419 1859 quis
437 1760 567 1860 rumpit
585 1767 759 1835 tenebras?
776 1765 920 1862 vitaeque
937 1768 1070 1839 silentes
1142 1765 1144 1768 ’
1217 1862 1218 1865 ¹

157 1884 351 1956 Admovet?
369 1884 460 1954 unde
475 1879 596 1954 minas?
613 1901 687 1957 uter
704 1886 776 1956 haec
794 1888 877 1956 mihi
894 1885 1012 1982 'proelia
1031 1889 1193 1959 fratrum?

157 2006 395 2101 Congredior:
415 2020 555 2101 pereant
573 2005 716 2100 agedum
735 2006 927 2076 discrimina
948 2033 1070 2078 rerum.
1186 1998 1191 2012 ⁸
1222 1999 1227 2008 ’

160 2130 252 2196 Nam
274 2129 329 2196 cui
349 2126 450 2196 dulce
467 2117 596 2222 magis?
616 2151 740 2222 magno
758 2151 812 2196 mc
828 2129 926 2197 tertia
946 2130 1074 2198 victum

159 2247 295 2340 Dejecit
313 2246 449 2316 fortuna
464 2244 562 2341 polo,
582 2246 813 2340 mundumque
831 2263 1007 2318 nocentem
1051 2342 1054 2350 V

161 2371 265 2436 Servo
283 2393 291 2435 ε
309 2392 370 2436 nec
384 2368 445 2436 iste
465 2392 576 2455 meus,
596 2367 745 2461 dirisque
763 2393 806 2436 en
825 2370 959 2463 pervius
978 2371 1075 2438 astris

161 2489 354 2583 Inspicitur.
376 2488 583 2558 Tumidusne
601 2481 870 2585 meas'regnator
890 2487 1027 2584 Olympi

162 2606 323 2703 Explorat
336 2608 445 2676 vires?
464 2599 574 2678 habeo
587 2610 657 2702 jam
678 2601 798 2704 quassa
816 2603 1004 2705 Gigantum

164 2726 326 2816 Vincula,
347 2741 380 2796 et
399 2729 581 2797 aethereum
600 2730 740 2825 cupidos
759 2731 849 2798 exire
869 2729 931 2798 sub
948 2754 1042 2800 axem

162 2849 318 2935 Titanas,'
336 2849 559 2942 miserumque
576 2864 705 2943 patrem
725 2875 732 2917 :
751 2849 832 2942 quid
849 2873 902 2916 me
922 2850 992 2918 otia
1008 2864 1125 2918 moesta

163 2969 291 3053 Savus,
310 2980 344 3036 et
359 2966 570 3062 implacidam
591 2969 748 3063 prohibet
767 2967 915 3062 perferre
934 2967 1102 3060 quietem?

163 3089 395 3182 amissumque
414 3087 524 3157 odisse
540 3088 648 3170 diem?
663 3087 808 3183 pandam
827 3091 940 3157 omnia
959 3113 1080 3183 regna,

163 3209 196 3276 Si
218 3205 343 3302 placet,
362 3222 396 3276 et
416 3210 532 3303 Stygio
551 3224 727 3302 praetexam
743 3209 936 3303 Hyperiona
953 3201 1048 3274 coelo.

163 3327 292 3397 arcada
311 3352 373 3397 nec
392 3330 527 3422 Superis
545 3327 649 3424 (quid
663 3330 753 3398 enim
771 3328 855 3396 mihi
875 3329 1014 3397 nuntius
1033 3329 1147 3398 ambas

164 3450 258 3540 ltque
275 3447 429 3542 reditque
448 3447 607 3543 domest)
625 3450 794 3535 emittam,
813 3439 1048 3542 et’utrumque
1065 3449 1187 3517 tenebo

164 3565 388 3660 Tyndariden.
408 3569 479 3637 Cur
496 3582 606 3638 autem
625 3567 730 3637 avidis
747 3571 866 3638 lxiona
885 3568 1004 3662 frango

165 3687 378 3756 Vorticibus?
396 3713 457 3756 cur
473 3713 542 3757 non
563 3703 756 3783 exspectant
772 3687 937 3770 Tantalon
960 3687 1076 3758 undae?

167 3810 259 3876 Anne
276 3805 492 3901 profanatum
510 3810 607 3878 toties
625 3809 737 3879 Chaos
755 3811 886 3903 hospite
905 3811 983 3878 vivo

167 3927 356 4021 perpetiar?
371 3953 424 3996 me
441 3929 582 3998 Pirithoi
601 3931 796 3998 temerarius
812 3921 915 4000 ardor

168 4047 299 4132 'lentat‚
317 4063 351 4117 et
366 4047 486 4118 audaci
502 4050 650 4118 Theseus
663 4048 796 4140 juratus
816 4052 946 4120 amico:
