3094 5140
366 524 423 562 aro
540 505 543 516 '
666 499 884 558 amaturos
905 497 1020 554 um
1041 499 1093 556 xl
1306 501 1422 568 (raet)

364 636 450 723 Qua
467 632 535 720 via,
554 629 672 724 quisve
688 625 798 714 dolor,
815 651 879 698 cur
893 641 1010 697 moeste
1030 629 1199 724 insignia?
1215 645 1360 700 tantum

363 752 535 841 Fleverat3
554 769 657 850 atque
674 776 776 822 manu
796 748 933 820 timidos
949 763 1116 845 everteret
1133 751 1238 847 ignes.

365 877 436 945 Scit
450 887 597 946 mentem
617 873 740 945 vidisse
757 872 872 944 nefas:
894 872 1019 942 etenim
1040 872 1131 943 unde
1145 875 1303 968 Mycenis

364 995 509 1085 Afforct,
527 1011 562 1067 et
577 995 704 1068 vallum
719 995 843 1090 conjnx
861 995 1000 1090 inopina
1017 993 1169 1064 subiret?

365 1119 430 1188 Sed
447 1118 507 1188 fati
522 1118 685 1208 monitus,
702 1118 880 1212 vicinaque
894 1115 1013 1186 funera
1027 1117 1147 1203 sentit,

364 1241 551 1310 desentire
566 1241 661 1309 timet
677 1265 685 1309 :
706 1261 812 1332 quum
828 1261 910 1306 vero
928 1237 1128 1309 Acherontis
1147 1240 1260 1331 operti

363 1362 451 1432 Diva
468 1375 520 1430 ter
534 1359 671 1430 admoto
689 1359 798 1454 tetigit
816 1359 954 1429 thoraca
972 1356 1120 1454 flagello,

245 1513 251 1524 ·
364 1483 469 1554 Ardet
483 1484 580 1577 inops
594 1481 717 1569 enimi,
732 1505 796 1550 nec
811 1495 881 1550 tam
896 1479 1071 1552 considere
1086 1505 1215 1577 regno,

363 1606 478 1695 Quam
490 1600 613 1691 scelus,
627 1615 660 1672 et
673 1599 814 1689 cedens,
824 1616 860 1670 ct
873 1600 1012 1695 perfossi
1029 1603 1064 1670 in
1073 1602 1236 1696 sanguine
1245 1601 1372 1671 statris

364 1724 543 1819 Exspirare
563 1725 673 1817 cupit,
691 1721 888 1816 subitusque
905 1720 1031 1791 affatur
1047 1719 1252 1792 Adrastum:

415 1875 432 1910 α
447 1847 529 1914 Sera
547 1842 700 1937 quidem,
715 1857 884 1914 extremus
902 1844 1032 1912 socium
1041 1893 1050 1930 ,
1060 1844 1237 1938 gentisque
1250 1861 1432 1938 superstes

364 1963 548 2061 Argolicae,
566 1963 738 2053 consulte,
758 1977 867 2059 pater,
883 1963 955 2057 jam
975 1963 1077 2033 rebus
1097 1965 1132 2033 in
1151 1965 1251 2034 arctis

365 2086 571 2182 Aggredior:
584 2099 669 2156 tunc
675 2099 807 2180 tempus
816 2099 904 2174 eret,
918 2109 1024 2178 quum
1034 2085 1170 2181 sanguis
1178 2086 1355 2157 Achivum

364 2211 512 2303 Integer,
531 2209 580 2277 ire
599 2205 705 2294 ultro,
723 2207 934 2302 primamque
952 2229 1125 2302 capessere
1142 2231 1310 2301 pugnam,

365 2331 443 2400 Non
463 2328 570 2424 plebis
589 2328 706 2402 danaae
722 2327 857 2414 florem,
878 2351 1063 2424 reguer
1082 2327 1242 2398 verendas

367 2451 547 2546 Objectare
565 2450 710 2540 animes,
726 2463 765 2518 ut
782 2446 999 2520 lamentabile
1017 2451 1121 2518 tantis

365 2574 515 2646 Urbibus
531 2569 706 2644 induerem
721 2572 825 2666 capiti
841 2570 964 2642 decus:
984 2595 1102 2666 aspera
1118 2571 1253 2666 quando

366 2698 528 2792 Praecepit
545 2697 672 2785 virtns3
689 2719 781 2768 nunc
798 2693 916 2766 saltem
936 2691 1106 2766 exsolvere
1124 2695 1172 2766 las
1188 2697 1248 2783 sit,

365 2819 452 2908 Qua
472 2819 579 2888 merui
597 2844 606 2888 ε
625 2819 690 2888 scis
709 2841 876 2912 nemque,
893 2841 998 2904 socer,
1014 2815 1092 2886 licet
1109 2816 1177 2886 alta
1193 2817 1364 2888 recondas

366 2937 535 3027 Vulnera,
556 2953 590 3008 et
608 2937 771 3010 afflictum
792 2938 906 3034 generi
928 2961 1063 3008 vereare
1080 2937 1269 3034 pudorem:

365 3059 426 3130 Ille
441 3085 503 3155 ego
515 3084 610 3146 sum,
626 3061 685 3153 qui
701 3072 734 3128 te
748 3083 865 3153 pacem
879 3072 914 3129 et
924 3059 979 3154 pia
992 3059 1072 3153 jure
1084 3075 1255 3156 regentem

365 3177 485 3250 infelix
504 3178 724 3276 (utinamque
743 3177 817 3252 aliis
837 3177 936 3248 datus
954 3178 1096 3250 urbibus
1110 3180 1258 3275 hospes)

365 3305 542 3372 Extorrem
562 3303 691 3397 patria,
704 3323 883 3396 vregnoque
900 3325 909 3370 t
929 3299 986 3370 sed
1007 3301 1104 3397 exige
1121 3300 1252 3372 tandem

367 3421 563 3519 Supplicia:
586 3421 723 3492 fratrem
741 3445 898 3518 suprema
918 3424 953 3492 in
974 3420 1062 3491 bella
1081 3422 1187 3518 (quid
1205 3423 1357 3492 borres?

365 3547 546 3615 Decretum
565 3558 636 3630 est,
656 3541 850 3640 linumque)
868 3568 952 3614 voco
968 3569 977 3620 ς
996 3542 1118 3613 desiste
1135 3543 1281 3612 morari:

365 3667 438 3736 Nec
454 3667 581 3760 poteris
596 3691 606 3734 ι
624 3690 693 3735 non
710 3666 738 3734 si
752 3679 824 3734 atra
845 3689 979 3760 parens,
997 3666 1194 3759 misereque
1211 3689 1343 3735 sorores

364 3788 405 3854 In
425 3785 535 3856 media
555 3811 651 3856 arma
666 3785 810 3856 cadant:
831 3811 900 3855 non
920 3787 948 3855 si
969 3786 1041 3881 ipse
1058 3785 1101 3854 ad
1118 3784 1207 3856 belle
1226 3787 1337 3854 ruenti

365 3908 505 3997 Obstat,
524 3923 557 3978 ct
578 3910 760 3986 exstinctos
778 3907 879 4005 galeae
896 3923 992 4002 pater
1009 3909 1142 4003 ingerat
1160 3907 1273 3992 orbes,

364 4027 527 4099 Delicium
545 4055 553 4098 :
579 4053 666 4100 anne
683 4030 798 4100 bibam
815 4045 967 4126 superest
983 4029 1208 4124 quodcunque
1224 4029 1355 4098 cruoris

363 4149 519 4222 Inachii?
537 4164 572 4220 et
589 4153 706 4222 vestris
724 4151 911 4222 etiamnum
930 4153 1095 4222 mortibus
1114 4149 1213 4220 utar?
