3094 5140
370 483 431 540 ,186
700 481 915 540 tumemus
934 480 1045 537 LIBER
1066 479 1106 536 X.
1321 481 1361 540 l*-
1374 481 1453 542 335-)

373 617 463 683 Rara
478 635 588 681 comes
605 633 613 678 τ
627 608 699 703 jam
718 623 825 680 costra
844 606 977 696 vident,
995 607 1165 701 armisque
1183 607 1452 702 propinquant,

372 737 419 804 Et
436 731 600 802 decrescit
614 755 720 819 onus;
734 729 837 800 subiti
853 753 961 823 quum
979 727 1128 823 pulveris
1144 728 1283 817 umbra,

372 859 416 926 Et
432 878 534 923 sonus
552 877 573 922 a
591 865 710 947 tergo:
729 851 861 922 monitu
881 848 977 921 ducis
995 873 1074 920 acer
1093 849 1211 944 agebat

373 975 544 1070 Amphion
565 974 711 1068 equites,
732 986 868 1042 noctem
886 970 1094 1067 vigilataque
1112 985 1237 1040 castra*

372 1094 560 1191 Explorare
578 1095 690 1182 dutus,
712 1095 909 1188 primusque
929 1119 989 1188 per
1008 1094 1084 1163 avia
1105 1094 1214 1188 compi

373 1218 491 1314 Usque
508 1217 647 1314 procul,
667 1216 830 1288 necdum
849 1227 936 1286 totos
955 1214 1014 1284 lux
1037 1213 1182 1286 solverat
1200 1214 1366 1300 umbras,

372 1339 495 1414 Nescio
512 1337 594 1434 quid
614 1340 689 1410 visu
706 1338 868 1428 dubium,
886 1337 1120 1432 incertumque
1134 1336 1282 1422 moveri,

373 1465 593 1558 Corporaque
609 1461 659 1531 ire
675 1461 768 1532 videt
788 1487 796 1530 :
815 1460 948 1532 subitus
966 1484 1046 1530 mox
1065 1457 1184 1528 fraude
1195 1473 1334 1554 reperto

373 1581 548 1655 Exclamat
565 1610 574 1654 ι
594 1583 793 1654 «Cohibete
813 1581 955 1679 gradum
967 1583 1164 1677 quicunque
1183 1606 1192 1650 ε
1208 1607 1225 1644 ι
1242 1578 1304 1650 sed
1317 1579 1440 1650 hostes

372 1709 454 1776 Esse
469 1719 581 1800 patet:
601 1705 714 1776 miseri
730 1719 876 1800 pergunt
892 1703 1039 1790 anteire,
1056 1703 1243 1794 timentque

373 1828 452 1897 Non
480 1825 542 1895 sibi
565 1851 574 1896 ε
598 1841 681 1896 tunc
702 1839 846 1900 mortem
867 1823 1007 1919 trepidis
1027 1822 1220 1908 minitatur,
1241 1836 1275 1890 et
1298 1821 1434 1890 hastam

372 1945 532 2041 Expulit,
550 1971 591 2017 ac
609 1971 714 2016 vanos
732 1944 800 2017 alte
818 1943 908 2015 levat
927 1948 1058 2015 eminus
1079 1945 1184 2032 ictus,

372 2067 544 2140 Allectans
558 2092 672 2138 errare
686 2092 807 2138 manus
826 2093 834 2136 :
853 2068 945 2137 stetit
959 2064 1016 2136 illo
1029 2065 1207 2158 Dymantis

372 2191 461 2260 Ante
480 2187 616 2278 oculos,
635 2190 694 2283 qui
713 2187 801 2260 forte
820 2188 930 2284 prior,
950 2210 1167 2282 gressumque
1184 2187 1356 2278 repressit.

372 2313 418 2379 At
435 2335 504 2379 non
522 2310 758 2406 magnanimus
777 2310 910 2378 curavit
929 2307 1070 2402 perdere
1084 2307 1195 2404 jactus

372 2433 532 2525 AEpytus,
550 2447 583 2502 et
605 2430 673 2501 fixo
690 2430 942 2502 transverberat
957 2426 1086 2523 Hoplea
1103 2441 1218 2522 tergo,

371 2551 626 2647 Pendentesque
644 2552 745 2624 etiam
764 2551 961 2646 perstrinxit
981 2549 1113 2644 Tydeos
1133 2571 1255 2616 armos.

372 2673 535 2762 Labitur,
551 2675 676 2770 egregii
692 2673 844 2744 nondum
863 2671 958 2742 ducis
974 2672 1168 2757 immemor,
1186 2665 1358 2761 Hopleus,

371 2795 596 2889 Exspiretque
616 2808 735 2864 tenens
755 2819 763 2863 :
783 2793 879 2880 felix,
900 2795 929 2864 si
948 2817 1071 2888 corpus
1090 2791 1263 2862 ademtum

372 2916 524 3002 Nesciat,
542 2940 582 2984 ac
598 2939 701 2988 sevus
719 2914 796 2985 talis
812 2913 991 2985 descendat
1007 2912 1051 2984 ud
1066 2913 1212 2984 umbras.

420 3035 562 3108 Viderat
580 3035 645 3108 hoc
662 3052 756 3108 retro
774 3060 974 3123 conversus,
990 3049 1023 3106 et
1044 3035 1179 3130 agmina
1195 3035 1295 3102 sentit

372 3160 493 3227 iuncta
507 3160 653 3252 Dymas,
668 3157 791 3228 dubius
807 3157 1007 3251 precibusne
1024 3155 1171 3240 subiret,
1186 3179 1231 3224 an
1249 3153 1353 3222 armis

371 3279 539 3348 Instantes
555 3304 564 3349 :
586 3304 681 3350 arma
697 3278 748 3349 ira
763 3277 879 3366 debat3
896 3277 1033 3348 fortuna
1048 3275 1195 3371 precari,

372 3400 451 3468 Non
471 3398 595 3472 audere
609 3399 707 3494 jubet
726 3425 734 3472 r
754 3400 869 3471 neutri·
884 3397 1007 3492 fiducia
1030 3413 1153 3492 coepto.

372 3518 514 3591 Distulit
530 3521 580 3590 ira
596 3545 712 3616 preces
733 3521 853 3615 :ponit
869 3517 1057 3590 miserabile
1070 3543 1191 3612 corpus

371 3644 459 3710 Ante
478 3639 578 3736 pedes
597 3668 606 3713 r
626 3656 788 3737 tergoque
807 3664 926 3736 graves
951 3665 1034 3735 ques
1060 3638 1146 3710 sorte
1164 3636 1300 3732 gerebat

371 3762 520 3857 Tigridis
535 3765 674 3836 exuvias
691 3765 727 3833 in
747 3761 868 3834 levum
886 3775 1039 3854 torquet,
1058 3773 1092 3830 et
1108 3757 1220 3827 obstat

371 3885 550 3963 Exsertum
566 3883 739 3980 objectans
752 3906 967 3970 mucronem,
979 3882 1082 3974 inque
1095 3881 1209 3948 omnia
1224 3877 1290 3948 tela
1315 3943 1341 3962 ,

371 4006 513 4094 Versus,
532 4019 566 4074 et
584 4004 628 4074 ad
645 4003 770 4074 cedem
787 4005 898 4098 juxto,
918 4015 1128 4095 mortemque
1145 4013 1282 4094 paratus
1300 4025 1309 4066 ε

223 4175 226 4184 ·
373 4129 419 4194 Ut
434 4124 506 4213 lea,
525 4151 626 4221 quam
643 4151 730 4196 sevo
748 4125 861 4194 foetarn
875 4145 1028 4220 pressere
1044 4118 1145 4190 cubili
