3200 5142
415 493 471 530 aaa
728 471 945 529 THEBAIDOS
969 471 1079 528 Lttttttt
1102 473 1140 526 lt.
1360 471 1470 532 (ansts.)

413 599 597 696 Obstupuit
617 599 694 668 visis
717 624 724 666 :
747 599 817 667 ibat
835 613 964 687 tamen,
983 596 1120 667 horrida
1142 611 1275 666 tantum
1327 655 1332 662 .

412 717 562 815 Spicula,
582 735 616 788 et
636 718 800 789 inclusum
820 716 941 814 capulo
959 733 1058 788 tenus
1075 717 1233 787 admovet
1255 742 1383 789 ensem.

410 850 459 912 Ac
475 843 584 936 prior,
604 871 621 906 α
632 840 721 912 unde
738 841 821 910 viri?
838 840 970 934 quidve
978 837 1154 910 occultatis
1170 840 1207 919 in
1223 837 1374 908 armisls

410 963 488 1032 Non
507 961 628 1031 humili
649 977 778 1033 terrore
799 977 898 1057 rogat
919 987 927 1030 :
948 959 1160 1032 necreddita
1176 976 1294 1030 contra
1315 1014 1319 1020 .

410 1085 502 1168 Vox,
520 1081 690 1177 fidamque
707 1095 832 1177 negant
849 1079 1003 1178 suspecta
1021 1080 1152 1152 silentia
1170 1107 1295 1176 pacem.

408 1208 495 1274 Ecce
513 1219 625 1273 autern
643 1218 739 1274 vasto
756 1203 920 1274 Chthonii
936 1199 1091 1273 contorta
1109 1201 1249 1290 lacerto,

410 1328 488 1416 Quo
506 1324 592 1395 duce
610 1325 694 1394 freta
712 1325 848 1414 cohors,
869 1324 978 1394 fuscas
1000 1321 1179 1394 intervolat
1194 1347 1293 1394 auras

409 1450 529 1534 Hasta,
551 1445 609 1516 sed
625 1446 762 1516 audenti
780 1449 873 1516 Deus
891 1459 923 1514 et
944 1441 1093 1516 Fortuna
1109 1425 1256 1516 recessit.

407 1572 471 1639 Per
490 1583 600 1638 tamen
622 1565 737 1637 Olenii
757 1568 902 1662 tegimen
922 1567 1010 1654 suis,
1031 1581 1172 1660 atraque
1188 1568 1266 1636 setis

408 1690 532 1783 Terga,
550 1714 651 1785 super
667 1673 766 1759 laevos
782 1677 941 1760 humeros
958 1691 1068 1759 vicina
1084 1689 1197 1758 cruori

408 1810 554 1905 Effugit,
571 1823 605 1878 et
624 1809 725 1878 viduo
738 1808 897 1904 jugulum
916 1809 993 1879 serit
1011 1809 1106 1879 irrita
1124 1806 1227 1904 ligno.

408 1933 505 2000 Tunc
518 1931 657 2000 horrere
671 1955 789 2018 comae,
806 1931 1008 2026 sanguisque
1024 1931 1059 1999 in
1077 1929 1178 1999 corde
1194 1929 1310 2024 gelari.

408 2056 484 2122 Huc
498 2051 588 2122 ferus
605 2066 706 2146 atque
721 2049 802 2120 illuc
816 2053 982 2140 animum,
996 2049 1224 2146 pallentiaque
1238 2052 1286 2118 ira

409 2176 480 2244 Ora
500 2173 626 2263 lepens,
648 2199 710 2244 nec
731 2189 826 2244 tanta
844 2189 945 2269 putat
963 2173 1025 2242 sibi
1045 2172 1133 2242 bella
1150 2174 1274 2268 parari.

410 2300 534 2365 «Ferte
554 2296 697 2392 gradum
717 2311 852 2385 contra,
871 2320 1061 2391 campoque
1078 2296 1246 2390 erumpite
1264 2310 1396 2388 aperto.

408 2419 497 2506 Quis
518 2418 620 2487 timor
637 2417 804 2488 audendi?
824 2443 898 2512 quae
916 2432 1010 2487 tanta
1028 2413 1181 2512 ignavia?
1198 2413 1305 2503 solus,

410 2536 508 2608 Solus
521 2539 556 2608 in
568 2563 660 2610 arma
673 2563 758 2608 voco
769 2565 805 2620 :u
821 2563 929 2633 neque
942 2539 977 2607 in
989 2539 1042 2607 his
1055 2562 1166 2626 mora;
1178 2562 1264 2632 quos
1281 2537 1340 2608 ubi
1354 2537 1466 2633 plmus

407 2661 521 2752 Quam
538 2673 646 2749 ratus,
665 2660 850 2730 innumeris
866 2658 958 2728 videt
974 2683 1151 2728 excursare
1166 2656 1320 2744 latebris,

409 2780 635 2875 Hosprodire
651 2781 759 2876 jugis,
780 2779 855 2850 illos
876 2806 894 2850 e
912 2777 1054 2849 vallibus
1077 2779 1151 2848 imis
1193 2819 1196 2826 .

407 2905 582 2988 Crescere,
601 2925 664 2982 nec
680 2926 806 2997 paucos
827 2881 961 2997 campo,
982 2914 1159 2994 totumque
1180 2900 1242 2970 sub
1260 2904 1365 2970 annis

406 3021 585 3094 Collucere
604 3026 667 3094 iter
689 3024 752 3119 (ut
770 3022 900 3094 clausas
918 3023 1076 3120 indagine
1095 3022 1224 3120 profert

407 3147 448 3215 In
468 3143 618 3216 medium
638 3170 700 3214 vox
720 3147 829 3241 prima
846 3145 957 3241 feras)
976 3170 1050 3241 quae
1068 3143 1138 3215 sola
1158 3143 1313 3214 medendi

407 3266 557 3337 Turbata
575 3268 706 3337 ratione
725 3267 777 3336 viu
797 3282 861 3353 est,
879 3268 964 3361 petit
982 3265 1088 3338 ardua
1107 3265 1188 3336 dirae

408 3389 592 3486 Sphingos,
610 3405 644 3459 et
661 3389 798 3460 abscisis
816 3387 1003 3484 infringens
1021 3390 1176 3459 cautibus
1194 3415 1297 3459 uncas

407 3515 598 3608 Exsuperat
612 3512 694 3606 juga
710 3497 784 3580 dira
801 3533 936 3598 manus,
955 3509 1161 3606 scopuloque
1178 3514 1322 3606 potitus,

402 3631 509 3730 ,Unde
526 3632 644 3728 procul
665 3648 758 3727 tergo
776 3647 900 3717 metus,
915 3647 948 3704 ct
964 3633 1018 3700 via
1035 3657 1143 3726 prona
1159 3632 1320 3723 nocendi,

295 3782 300 3790 ·
410 3756 536 3823 Saxum
558 3756 691 3848 ingens,
714 3751 805 3847 quod
827 3755 883 3822 vix
902 3751 1004 3849 plena
1021 3754 1150 3822 cervice
1169 3769 1341 3849 gementes
1370 3813 1375 3820 .

400 3877 551 3946 ‘Vertere
570 3875 690 3961 humo,
709 3877 882 3969 murisque
899 3873 1010 3944 valent
1032 3873 1155 3945 inferre
1169 3876 1325 3969 juvenci,

410 3996 565 4092 Rupibus
582 3994 694 4067 avellit
710 4023 718 4067 ε
734 3997 813 4065 dein
832 4011 904 4067 toto
920 3998 1083 4092 sauguine
1100 3998 1198 4067 nixus

414 4119 579 4207 Sustinet,
599 4122 779 4190 immanem
798 4141 951 4214 quarens
970 4116 1093 4189 librare
1112 4119 1258 4204 ruinam3
