3200 5142
396 481 454 541 acb
710 475 923 533 'l'llEBleOS
944 473 1057 532 uultu
1078 473 1116 530 11.
1330 468 1362 528 l*-
1375 463 1456 530 ἰ’-ἴ
1572 403 1573 448 l

397 598 528 686 Induit,
545 613 580 670 et
595 599 697 672 fallax
714 601 854 670 intravit
872 600 988 670 limina
1003 603 1023 669 J
1025 623 1102 668 uno.

396 721 514 814 Teque
531 722 650 811 etiam
669 721 804 811 infelix,
824 721 1019 816 perhibent,
1035 722 1181 804 Iocasta,
1200 715 1364 784 decorum

399 839 587 910 Possedisse
601 840 695 910 nefas
710 867 719 910 ε
736 839 850 912 vultus
866 841 929 910 hec
945 837 1045 909 laude
1062 835 1213 924 colebas,

396 961 474 1030 lleu
491 960 630 1054 quibus,
645 961 714 1031 heu
728 959 892 1056 placitura
908 955 1004 1030 toris!
1023 971 1100 1054 post
1116 955 1249 1052 longior
1263 951 1360 1025 ordo.

396 1081 483 1150 Tum
501 1079 599 1150 donis
615 1081 718 1176 Argia
736 1080 842 1166 uitet,
859 1077 1009 1174 vilesque
1025 1078 1152 1150 sororis

397 1200 547 1270 Ornatus
563 1223 658 1269 sacro
677 1197 837 1294 preculta
855 1200 1050 1294 supervenit
1066 1223 1160 1270 auro.

443 1317 585 1388 Viderat
601 1318 666 1388 hoc
682 1319 807 1412 conjux
823 1319 968 1414 perituri
985 1319 1090 1407 vaus,
1109 1330 1145 1386 et
1163 1340 1237 1386 aras

398 1441 487 1510 Ante
502 1461 636 1528 omues,
652 1437 835 1534 epulasque
853 1453 983 1508 trucem
1003 1451 1131 1508 secreta
1152 1435 1319 1529 coquebat

399 1556 581 1646 Invidiam,
601 1557 695 1626 saenis
711 1557 810 1630 detur
826 1559 855 1627 si
874 1557 1011 1651 quaudo
1026 1557 1130 1652 potiri

399 1675 573 1766 Cultlbus,
594 1677 662 1746 heu
679 1674 763 1748 nihil
781 1676 1065 1772 auguriis-adjuta
1086 1675 1296 1770 propinquis.

398 1797 495 1884 Quos
514 1810 611 1891 optat
625 1793 785 1890 gemitus!
806 1811 948 1890 quantas
965 1797 1061 1891 cupit
1080 1795 1183 1889 impia
1199 1791 1328 1864 clades!

400 1916 512 2010 Digna
528 1913 687 2010 quidem,
707 1913 766 1984 sed
778 1913 862 2009 quid
878 1917 990 1986 miseri
1006 1916 1147 2009 decepta
1164 1913 1277 1982 mariti

401 2033 526 2108 Arma?
541 2034 622 2130 quid
640 2036 789 2108 insontes
803 2038 875 2108 nati
893 2059 1048 2107 meruere
1067 2032 1225 2104 furores?

448 2159 630 2252 Postquam
644 2156 772 2254 regales
786 2155 925 2252 epulas,
942 2170 977 2227 et
994 2153 1116 2252 gaudia
1130 2151 1224 2247 vulgi

401 2278 526 2348 Bisseni
544 2275 672 2348 clusere
690 2277 777 2368 dies,
793 2276 959 2348 Ismenius
975 2275 1074 2344 heros

403 2399 583 2495 Respicere
601 2396 645 2468 ad
661 2399 808 2488 Thebas,
822 2399 960 2495 jamque
975 2411 1011 2470 et
1028 2421 1087 2470 sua
1104 2419 1255 2496 quaerere
1275 2420 1398 2494 regua;

403 2519 541 2615 Quippe
556 2519 706 2589 animum
725 2518 814 2588 subit
832 2516 889 2588 illa
903 2519 989 2610 dies,
1004 2527 1087 2616 qua,
1103 2527 1193 2590 sorte
1210 2519 1357 2613 benigna

404 2640 545 2730 Fratris,
565 2639 726 2708 Echionia
740 2651 879 2708 steterat
893 2641 1046 2734 privatus
1063 2643 1098 2708 in
1116 2638 1212 2710 aula:

405 2760 600 2854 Respiciens
617 2757 759 2833 descisse
779 2762 888 2848 Deos,
904 2760 1103 2856 trepidoque
1121 2759 1270 2838 tumultu

403 2877 560 2974 Dilapsos
575 2881 730 2970 comites,
749 2878 879 2950 nudum
900 2879 987 2952 latus
1007 2905 1123 2968 omne,
1140 2880 1324 2977 fugamque

403 3005 559 3071 Fortunae
576 3026 584 3070 ε
605 3013 750 3092 namque
766 3025 835 3072 una
853 3026 949 3072 soror
966 3001 1152 3097 producere
1169 3001 1280 3069 tristes

405 3119 535 3192 Exsulis
551 3144 632 3190 ausa
648 3121 718 3190 vias
736 3147 745 3192 ε
760 3122 863 3191 etiam
877 3121 966 3191 hanc
980 3123 1015 3190 in
1030 3119 1145 3190 limine
1160 3121 1270 3216 primo

346 3333 348 3336 Ι
403 3242 581 3335 Liquerat,
599 3253 633 3310 et
650 3265 771 3336 magua
789 3239 951 3336 lacrymas
969 3240 1150 3314 incluserat
1165 3241 1225 3310 ira.

403 3365 498 3432 Tunc
514 3386 598 3456 quos
614 3361 777 3433 excedens
795 3359 937 3452 hilares,
955 3362 1031 3457 quis
1049 3361 1284 3455 cultus'iuiqui

404 3484 595 3576 Praecipuus
617 3481 733 3570 ducis,
751 3497 787 3552 et
801 3483 945 3580 profugo
961 3508 1046 3577 quos
1065 3484 1141 3578 ipse'
1154 3496 1288 3552 notarat

405 3604 610 3699 Ingemuisse
627 3604 707 3690 sibi,
726 3628 789 3699 per
807 3618 962 3692 noctem,
981 3617 1021 3676 ac
1042 3603 1117 3674 luce
1136 3605 1197 3674 sub
1214 3605 1309 3673 omni

406 3724 537 3818 Digerit
553 3723 719 3794 :exedere
738 3728 899 3802 animum¹
909 3723 1004 3794 dolor
1019 3727 1137 3819 iraque
1157 3725 1312 3809 demens,

406 3847 464 3930 Et,
483 3865 550 3937 qua
566 3867 635 3912 uon
655 3845 792 3938 grauior¹
804 3843 1002 3914 mortalibus
1020 3845 1133 3915 addita
1153 3871 1255 3934 cura,

406 3967 504 4058 Spes,
521 3963 577 4032 ubi
597 3962 696 4057 longa
714 3964 805 4044 venit
820 3963 942 4034 :talem
962 3966 1024 4034 sub
1042 3980 1178 4059 pectore
1194 3967 1317 4038 nubem

406 4081 554 4154 Consilio
571 4081 724 4170 volvens,
744 4084 885 4174 Dircen,
905 4086 1091 4179 Cadmique
1111 4100 1248 4180 negatas
