3080 5136
87 467 206 532 (ωτι.)
357 543 359 550 y
393 463 645 522 ncfflmamos
664 463 778 518 erana
801 462 841 515 1.·
1089 452 1150 510 aas

86 591 185 677 Quos
204 604 338 678 tamen,
360 603 400 668 ut
418 589 488 658 fido
504 590 652 686 genitrix
666 589 703 657 in
721 587 838 658 limine
854 581 1014 670 visa'est,

84 710 236 803 Abjicit,
258 717 500 805 exceptamque
517 710 624 779 avidis
641 707 855 802 circumligat
875 703 983 792 ulnis,

84 835 165 900 Jam
182 833 294 926 gravis
306 830 482 928 amplenu,
493 832 632 926 Jamque
649 837 766 924 aequus
780 827 907 897 vertice
923 825 1036 916 matri.

140 953 334 1046 Insequitur
354 976 480 1048 magno
495 953 568 1048 jam
591 965 664 1022 tum
685 973 858 1020 connexus
878 971 993 1016 amore

85 1059 284 1163 Patroclus,
300 1075 470 1168 tantisque
485 1072 679 1143 extenditur
693 1069 834 1141 aemulus
851 1069 952 1154 actis,

85 1199 157 1265 Par
173 1193 313 1272 studiis,
332 1197 462 1290 aevique
480 1195 608 1285 modis,
624 1193 684 1264 sed
702 1192 825 1264 robore
841 1190 962 1285 longe,

86 1319 136 1384 Et
148 1329 262 1384 tamen
282 1315 404 1410 oequali
422 1318 555 1386 visurus
570 1320 736 1412 Pergama
754 1315 839 1384 sato.

139 1439 299 1506 Protinus
319 1435 376 1506 ille
393 1437 486 1507 subit
502 1438 645 1533 rapido,
665 1461 739 1532 quae
756 1436 931 1532 proxima,
950 1431 1038 1540 saltu

87 1555 266 1647 Flumina,
287 1556 523 1654 fumantesque
539 1584 659 1655 genas,
677 1559 874 1650 crinemque
889 1568 1037 1624 novatur

86 1678 266 1748 Fontibus.
286 1682 426 1750 Eurota
444 1678 555 1774 qualis
575 1679 662 1749 vada
680 1681 804 1749 Castor
821 1673 944 1746 anhelo
1016 1665 1018 1670 ¹

87 1802 203 1867 Intrat
216 1824 329 1893 equo,
351 1799 541 1895 fessumque
562 1801 613 1870 sui
631 1800 732 1894 jubar
749 1799 873 1869 excitat
892 1799 987 1868 astri.

87 1920 257 2007 Miratur,
275 1921 450 2016 comitque
462 1945 583 2011 senex,
602 1947 695 1991 nunc
712 1915 851 2016 pectora
868 1919 1039 2004 mulcens,

88 2041 125 2110 N
128 2065 194 2109 unc
209 2039 313 2110 fortes
331 2042 513 2112 humeros:
530 2057 664 2138 angunt
681 2067 741 2112 sua
761 2041 884 2138 gaudia
907 2056 1064 2110 matrem.

87 2164 190 2230 Tunc
210 2160 322 2244 libare
337 2161 463 2258 dapes,
484 2164 704 2258 Baccheaque
728 2189 869 2234 munera
890 2163 1022 2234 Chiron

90 2286 199 2368 Orat,
215 2298 250 2352 et
264 2287 445 2356 attonitam
461 2287 556 2355 vario
574 2283 798 2355 oblectamine
815 2281 985 2364 mulcens,

36 2453 40 2460 -
89 2401 196 2474 Elicit
213 2418 365 2484 extremo
384 2404 522 2501 chelyn,
539 2422 573 2476 et
589 2404 733 2476 solantia
753 2431 852 2476 curas

90 2523 166 2594 Fila
182 2542 313 2614 movet,
333 2524 520 2622 leviterque
538 2543 691 2623 expertas
708 2527 829 2624 pollice
846 2527 990 2600 chordas

91 2649 163 2715 Dat
180 2671 289 2741 puero
307 2673 317 2716 ε
335 2650 429 2718 canit
447 2647 505 2718 ille
522 2648 630 2720 libens
648 2650 808 2720 immania
829 2648 968 2721 laudum

91 2768 246 2856 Semina,
265 2771 325 2863 qui
344 2767 481 2840 tumidae
501 2772 670 2865 superarit
684 2773 778 2866 jussa
795 2797 949 2842 novercae

91 2888 414 2984 Amphitryoniades
436 2917 444 2960 ε
467 2890 612 2960 crudum
631 2916 699 2986 quo
719 2893 873 2988 Bebryca
889 2909 991 2964 caestu

92 3009 257 3079 Obruerit
275 2986 397 3080 Pollux
417 3027 571 3107 :quanto
589 3005 801 3083 circumdata
818 3039 908 3084 nexu
951 3023 956 3040 ’

93 3131 242 3226 Ruperit
259 3131 394 3227 AEgides
411 3134 521 3202 Minoi
539 3133 679 3203 brachia
697 3136 785 3208 tauri
809 3159 817 3204 :

93 3253 268 3320 Maternos
288 3253 322 3320 in
341 3252 410 3322 fine
429 3268 539 3341 toros,
560 3256 765 3350 Superisque
783 3273 961 3351 gravatum

93 3369 212 3441 Pelion
234 3399 242 3441 :
268 3373 327 3443 hic
346 3374 426 3443 ficto
442 3375 518 3444 risit
537 3375 654 3446 Thetis
671 3378 773 3446 anxia
790 3377 898 3448 vultu.

85 3495 172 3564 'Nox
194 3494 299 3563 trahit
316 3497 350 3563 in
369 3521 507 3566 somnos
524 3524 533 3566 ε
552 3523 633 3567 saxo
649 3497 832 3572 collabitur
851 3501 970 3597 ingens

94 3618 303 3704 Centaurus,
322 3616 524 3714 blandisque
541 3619 692 3690 humeris
712 3644 747 3690 se
768 3622 912 3691 innectit
928 3621 1101 3709 Achilles,

94 3737 301 3832 Quanquam
318 3739 365 3809 ibi
385 3739 452 3810 fida
470 3767 612 3836 parens,
633 3757 833 3837 assuetaque
852 3757 992 3838 pectora
1013 3742 1156 3813 mavult.

144 3863 189 3930 At
207 3861 323 3932 Thetis
342 3863 517 3933 undisonis
537 3889 600 3958 per
615 3880 752 3936 noctem
770 3867 806 3935 in
823 3866 967 3962 rupibus
990 3865 1142 3954 adstans,

94 3985 180 4070 Quae
199 3999 279 4053 nato
299 4001 426 4054 secreta
443 3985 545 4072 velit,
562 3987 695 4081 quibus*
707 3988 830 4058 abdere
850 3991 948 4058 terris

94 4103 269 4195 Destinet,
292 4106 499 4195 lruc,illuc,
514 4107 648 4178 diversa
667 4108 938 4178 mentcvolutat.
