3156 5138
735 587 765 642 P.
789 585 915 641 runnu
937 581 1060 638 smn

472 711 537 783 Sed
556 713 652 782 Bruti
673 712 761 780 senis
780 711 1013 796 oscitationes,

472 838 525 904 De
544 857 642 927 capsa
662 831 776 903 miseri
794 827 992 917 libellionis,

472 958 634 1048 Emptum
654 951 730 1049 plus
750 950 864 1021 minus
883 975 955 1020 asse
975 951 1123 1036 Gaiano,

472 1079 589 1146 Donas
606 1100 614 1142 ε
632 1097 738 1168 usque
755 1072 885 1143 adeone
900 1069 1082 1140 defuerunt

471 1195 590 1265 Scissis
610 1192 697 1287 pilea
717 1206 793 1261 suta
811 1191 853 1262 de
874 1187 1043 1261 lacernis?

473 1312 536 1386 Vel
557 1311 730 1400 mantilia,
751 1310 909 1382 luridaeve
928 1307 1080 1406 mappae?

475 1437 628 1523 Chartae,
648 1433 883 1521 Thebaicaeve,
894 1429 1084 1504 Caricaevc?

472 1557 648 1649 Nusquam
665 1552 799 1622 turbine
819 1551 975 1623 conditus
993 1552 1105 1622 ruenti

473 1679 668 1746 Prunorum
687 1670 827 1769 globus,
849 1687 950 1770 atque
970 1669 1216 1742 coctanorum?

475 1797 554 1866 Non
572 1792 739 1888 ellychnia
757 1794 861 1881 sicca,
879 1818 949 1862 non
967 1791 1115 1888 replictae

477 1911 663 1985 Bulborum
681 1915 822 2000 tunicae,
844 1937 907 1983 nec
927 1938 990 1983 ova
1011 1915 1169 1984 tantum?

478 2037 556 2106 Non
578 2011 665 2104 loves
685 2032 799 2122 alicae,
820 2057 882 2103 nec
902 2057 1059 2127 asperum
1077 2033 1153 2104 far?

477 2157 653 2249 Nusquam
673 2153 849 2249 Cinyphiis
869 2169 989 2250 vagata
1009 2157 1136 2250 campis

477 2278 668 2347 Curvarum
681 2275 805 2344 domus
823 2273 891 2344 udn
906 2273 1147 2345 cochlearum?

480 2398 560 2467 Non
582 2394 715 2465 lardum
734 2396 856 2484 breve,
878 2393 1038 2465 debilisve
1059 2394 1187 2489 perna?

480 2519 558 2588 Non
575 2516 763 2605 Lucanica,
785 2540 854 2585 non
874 2537 991 2610 graves
1007 2513 1170 2605 Phalisci,

481 2637 559 2707 Non
581 2634 649 2723 sal,
667 2659 914 2731 oxygarumve,
934 2660 1112 2726 cascusvc,

483 2760 551 2828 Aut
572 2781 675 2852 panes
692 2757 868 2826 viridantis
888 2751 1100 2852 aphronitri,

480 2875 545 2947 vel
564 2901 700 2972 passum
717 2877 859 2974 psythiis
879 2878 949 2948 suis
968 2890 1161 2966 recoctum,

482 2995 584 3066 Dulci
601 2995 733 3067 defruta
749 2994 803 3067 vel
820 2995 930 3067 lutosa
946 2995 1068 3067 coeno?

485 3116 663 3206 Quantum
682 3114 736 3187 vel
755 3116 835 3188 dare
854 3143 966 3194 cereos
983 3117 1131 3209 olentes,
1152 3173 1157 3186 .

485 3234 689 3327 Cultellum,
709 3253 867 3308 tenuesve
886 3235 1081 3310 codicillos?

486 3353 638 3444 Ollares,
657 3381 761 3453 rogo,
781 3365 851 3427 non
867 3356 991 3429 licebat
1009 3385 1109 3449 uvas,

490 3479 645 3547 Cumano
665 3477 796 3571 patinas
815 3475 870 3548 vel
892 3478 974 3549 orbe
994 3490 1119 3572 tortas,

487 3601 557 3667 Aut
575 3620 679 3667 unam
701 3597 781 3667 dare
801 3600 973 3693 synthesin
996 3599 1101 3696 (quid
1120 3603 1284 3702 borres?)

488 3715 652 3789 Alborum
671 3715 832 3807 calicum,
850 3732 952 3813 atque
968 3721 1211 3793 caccaborum?

538 3836 607 3906 Sed
620 3853 712 3908 certa
728 3835 822 3907 velun
840 3863 953 3934 aequus
973 3841 1008 3908 in
1029 3856 1173 3931 statera,

491 3954 551 4028 Nil
570 3972 700 4044 mutas,
720 3956 884 4028 sedidem
905 3960 990 4030 mihi
1011 3961 1177 4057 rependis.

492 4075 610 4166 Quid?
629 4078 658 4147 si
678 4102 784 4172 quum
803 4079 889 4149 bene
910 4105 1009 4150 mane
1029 4082 1237 4154 semicrudus

492 4194 623 4288 Illalam
645 4199 708 4267 tibi
727 4199 843 4270 dixero
864 4199 1027 4291 salutem,

1330 581 1409 644 (mo

1413 585 1430 646 -l
