3200 5142
143 525 260 586 (esses
457 529 671 592 manuos
692 532 803 591 LIBER
825 533 862 586 11.

142 655 289 748 Semita,
303 679 405 748 quam
421 655 537 726 subter
555 659 687 753 campi,
707 657 899 750 devexaque
914 653 989 726 latis

140 776 234 842 Arva
246 773 364 867 jacent
378 775 494 869 spatiis
509 803 518 845 ε
533 792 653 850 contra
672 778 866 872 importuna
885 774 1021 870 crepido

142 891 405 988 OEdipodioniae
424 896 544 967 domus
560 895 649 969 alitis
668 925 676 968 :
693 899 748 968 hic
760 899 837 968 lera
851 895 1022 992 quondam

142 1010 309 1084 Pallentes
321 1031 436 1086 ,erecta
456 1039 572 1112 genas,
590 1018 781 1112 suffusaque
799 1018 877 1088 tabo

141 1135 309 1223 Lumina,
326 1139 492 1207 concretis
509 1138 645 1208 infando
664 1142 827 1234 sanguine
843 1138 967 1233 plumis

141 1254 328 1351 Rolliquias
348 1257 501 1354 amplexa
517 1260 645 1350 virum,
665 1283 860 1357 semesaque
877 1262 976 1332 nudis

139 1377 340 1448 Pectoribus
358 1381 451 1450 stetit
472 1405 546 1450 ossa
565 1406 736 1475 premens,
756 1384 895 1477 visuque
910 1383 1064 1454 frementi

142 1495 329 1568 collustrat
343 1524 499 1596 campos,
519 1503 547 1573 si
564 1504 638 1596 quis
654 1527 856 1572 concurrere
873 1501 970 1572 dictis

141 1620 273 1712 Hospes
292 1619 512 1716 inexplicitis,
530 1637 590 1693 aut
607 1624 759 1694 cominus
775 1625 824 1692 ire
838 1625 948 1694 viator

140 1738 289 1825 Audeat,
308 1754 342 1809 et
357 1738 450 1813 durae
467 1744 668 1814 commercia
682 1744 823 1838 jungere
842 1741 974 1838 lingnae.

140 1861 215 1930 Nec
233 1886 347 1949 mora,
364 1863 445 1956 quin
466 1887 589 1934 acuens
609 1879 740 1934 exertos
758 1866 913 1960 protinus
934 1889 1078 1960 ungues,

142 1983 368 2074 Liventesque
386 2007 519 2072 manus,
541 1983 729 2078 fractosque
749 1985 784 2053 in
802 1982 940 2054 vulnere
960 1983 1092 2070 dentes,

140 2099 298 2170 Terribili
316 2100 481 2198 applausu
499 2105 625 2174 circum
644 2105 778 2199 hospita
796 2119 946 2199 surgeret
962 2129 1031 2174 ora.

141 2225 187 2292 Et
204 2220 331 2291 latuere
351 2220 437 2308 doli,
458 2222 564 2296 donec
582 2223 624 2293 de
642 2249 725 2318 rupe
743 2238 899 2312 cruenta,

141 2338 235 2412 Heu!
258 2341 357 2416 simili
376 2342 538 2438 deprensa
554 2345 643 2431 viro,
659 2345 863 2414 cessantibus
879 2343 955 2434 alis,

142 2463 265 2532 Tristis
283 2461 483 2557 inexpletam
504 2461 648 2558 scopulis
665 2463 829 2558 affligeret
845 2462 968 2534 alvum.

142 2587 316 2654 Monstrat
333 2582 415 2654 silva
435 2583 545 2670 nefas,
564 2584 704 2653 horrent
722 2585 833 2653 vicina
847 2585 982 2678 juvenci

143 2705 325 2789 Gramina3
343 2702 507 2772 damnatis
526 2702 662 2778 avidum
679 2725 780 2798 pecus
797 2705 941 2774 abstinet
956 2704 1077 2774 herbis.

143 2825 225 2892 Non
238 2822 415 2917 Dryadum
426 2822 536 2917 placet
550 2825 670 2894 umbra
682 2825 809 2912 choris,
824 2849 893 2894 non
907 2825 1084 2896 commoda
1095 2829 1199 2896 sacris

143 2949 357 3031 Faunorum,
375 2941 522 3037 diraeque
539 2945 640 3014 etiam
659 2943 775 3040 fugere
791 2943 944 3014 volucres

143 3062 336 3158 Prodigiale
354 3088 483 3132 nemus.
502 3065 627 3134 Tacitis
644 3065 712 3134 huc
730 3065 897 3160 gressibus
913 3066 978 3134 acti

143 3183 341 3255 Deveuiunt
358 3185 510 3279 peritura
529 3185 665 3271 cohors,
684 3185 880 3280 hostemque
899 3186 1097 3280 superbum,

142 3303 270 3375 Adnixi
283 3304 418 3400 jaculis,
437 3320 470 3375 et
486 3305 582 3376 humi
601 3307 709 3400 posita
725 3330 819 3373 arma
836 3319 987 3374 tenentes

143 3429 365 3518 Exspectant,
384 3425 551 3520 densaque
569 3449 688 3495 nemus
704 3426 848 3495 statione
864 3439 1037 3494 coronant.

196 3547 352 3639 Coeperat
369 3546 522 3615 humenti
540 3545 702 3616 Phoebum
720 3545 893 3614 subtexere
911 3542 1001 3640 palla

144 3667 239 3752 Nox,
259 3678 293 3733 et
312 3663 492 3736 coernleam
511 3667 607 3735 terris
627 3664 795 3735 infuderat
811 3666 974 3736 umbram.

144 3783 208 3855 llle
221 3785 472 3880 propinquabat
486 3784 592 3872 silvis,
610 3798 643 3854 et
659 3785 702 3856 ab
718 3810 840 3880 aggere
855 3783 943 3856 celso

145 3909 248 3976 Scuta
266 3907 391 3986 virum,
412 3903 589 4000 galeasque
607 3906 698 3976 videt
717 3904 856 3975 rutilare
873 3922 1058 3992 comantes,

145 4028 226 4116 Qua
244 4023 357 4095 laxant
373 4027 456 4096 rami
475 4050 609 4114 nemus,
627 4025 831 4121 adversaque
849 4027 910 4096 suh
930 4028 1049 4098 umbra

146 4146 335 4219 Flammcus
352 4148 460 4217 aeratis
479 4149 582 4218 Lunae
600 4163 726 4218 tremor
742 4163 832 4219 errat
849 4151 882 4218 in
904 4151 1015 4219 armis.

991 4274 1043 4354 14.
