3206 5136
140 507 174 568 (v.
190 506 258 568 ιη.)
450 503 667 560 innuamus·
688 503 799 560 LlBEll
818 505 867 561 w.

136 632 268 704 Nexilis
287 633 466 701 innumero
481 628 661 725 chalybum
680 632 868 700 subtemine
890 629 1033 710 thorax,

139 754 374 838 Horrendum‚
392 776 461 822 non
479 753 596 822 matris
611 777 711 846 opus,
741 747 900 846 galeaque
918 770 1056 816 corusca

139 876 314 943 Prominet
328 897 405 942 arce
425 873 539 968 gigas,
558 888 659 966 atque
675 873 734 940 uni
755 867 887 939 missilis
906 867 956 938 illi

141 993 290 1088 Cuspide
307 993 443 1090 prefixa
460 1009 528 1062 stat
546 993 725 1064 frondibus
741 993 825 1062 orba
842 1015 1032 1086 cupressus.

194 1117 281 1185 Huic
301 1138 419 1211 parere
437 1114 525 1201 dati,
541 1137 626 1209 quos
644 1113 763 1184 fertilis
783 1111 1024 1208 Araphigenia,

143 1235 317 1330 Plenaque
332 1239 506 1324 Messene,
524 1252 752 1331 montanaque
771 1238 881 1306 nutrit
898 1235 1047 1320 Ithome,

145 1361 245 1446 Quos
263 1360 410 1444 Thrion,
430 1372 462 1427 et
482 1359 623 1428 summis
640 1361 808 1454 ingestum
826 1353 999 1427 montibus
1018 1353 1114 1447 AEpy,

146 1482 244 1567 Quos
265 1478 381 1562 Helos,
398 1495 432 1549 et
449 1479 606 1570 Pteleon,
622 1482 743 1552 Getico
762 1503 847 1574 quos
864 1476 976 1548 flebile
995 1477 1062 1545 vati

147 1603 282 1672 Dorion
299 1627 306 1669 :
322 1602 377 1670 hic
395 1601 500 1670 laetus
517 1601 633 1672 doctas
655 1603 785 1672 anteire
802 1601 955 1670 canendo

148 1722 313 1808 Aonidas,
332 1737 443 1792 mutos
460 1724 637 1818 Thamyris
652 1723 831 1793 damnatus
851 1727 887 1792 in
904 1743 1009 1792 anuos

151 1847 222 1914 Ore
239 1843 356 1932 simul,
373 1845 567 1938 citharaque
586 1844 676 1939 (quis
695 1847 794 1915 obvia
812 1846 951 1913 numina
969 1838 1140 1934 lemnatl)

150 1963 325 2044 Conticuit
343 1989 506 2060 preceps,
524 1967 582 2060 qui
600 1991 669 2035 non
686 1966 870 2035 certamina
887 1964 1006 2034 Phoebi

152 2086 292 2172 Nosset,
313 2099 348 2154 et
364 2084 509 2155 illustres
529 2089 648 2183 Satyro
667 2087 833 2183 pendente
850 2085 1000 2156 selenas.

203 2211 341 2299 Jamque
356 2221 390 2275 et
404 2207 532 2276 fatidici
550 2233 644 2277 mens
661 2221 850 2303 expugnata
871 2208 995 2277 fatiscit
1041 2187 1044 2195 Δ

158 2331 322 2424 Auguris3
342 2328 397 2398 ille
415 2329 550 2423 quidem
567 2355 679 2416 casus,
699 2343 734 2400 et
747 2331 825 2416 dira
845 2329 976 2398 videbat

157 2453 276 2546 Signa,
297 2452 356 2520 sed
374 2453 445 2546 ipsa
463 2475 565 2521 manu
581 2454 753 2523 cunctanti
771 2454 931 2546 injecerat
947 2473 1040 2540 arma
1119 2463 1121 2471 ’

159 2567 318 2667 Atropos,
338 2573 566 2667 obrueratque
585 2578 715 2661 Deum;
735 2585 796 2641 ne‘c
814 2569 967 2664 conjugis
983 2568 1106 2636 absunt

157 2695 304 2784 Insidiae,
324 2697 494 2788 vetitoque
512 2695 632 2764 domus
645 2677 713 2789 jam
733 2693 882 2789 fulgurat
900 2717 1005 2760 auro.-

158 2822 230 2887 Hoc
248 2839 367 2887 aurum
386 2817 454 2884 vati
476 2815 542 2884 lata
558 2813 692 2886 exitiale
712 2816 895 2885 monebant

160 2937 341 3033 Argolico:
358 2939 419 3006 scit
438 2952 470 3006 et
491 2940 561 3031 ipse
578 2937 687 3025 nefas,
705 2937 763 3006 sed
782 2935 910 3033 perfida
925 2937 1049 3027 conjux

159 3063 258 3130 Dona
275 3060 348 3126 viro
366 3071 498 3127 mutare
514 3057 613 3143 velit,
632 3057 813 3153 spoliisque
832 3058 978 3152 potentis

160 3182 317 3248 Imminet
330 3180 458 3274 Argiae,
476 3194 641 3273 raptoque
655 3178 817 3248 excellere
835 3176 940 3247 cultu.

209 3300 270 3370 Illa
287 3299 393 3369 libens
411 3298 507 3395 (nam
523 3323 642 3394 regum
660 3302 804 3388 animos,
821 3313 853 3368 et
868 3297 1017 3393 pondera
1032 3295 1110 3366 belli

162 3427 233 3492 Hac
251 3433 370 3489 nutare
387 3419 495 3506 videt,
515 3421 641 3513 pariter
658 3421 693 3488 ni
712 3419 873 3515 providus
893 3419 993 3486 heros
1064 3427 1067 3434 '

162 3538 306 3633 Militat)
324 3543 400 3633 ipsa·
416 3560 527 3608 sacros
543 3541 671 3633 gremio
685 3538 852 3633 Polynicis
871 3540 971 3606 amati

163 3663 329 3756 Deposuit
346 3680 453 3728 nexus
471 3658 562 3728 haud
580 3673 716 3746 moesta,
734 3674 834 3752 atque
854 3661 990 3752 insuper
1007 3659 1121 3728 addit:
1206 3656 1211 3665 ”

213 3785 322 3852 «Non
339 3781 410 3848 haec
426 3796 505 3875 apta
522 3781 604 3849 mihi
626 3780 740 3848 nitidis
759 3780 948 3868 ornatibus,
969 3782 1099 3873 inquit,

164 3905 349 3996 Tempora,
369 3925 431 3970 nec
448 3903 577 3970 miserae
594 3899 747 3994 placeant
765 3903 910 3996 insignia
928 3900 1042 3970 formae

165 4022 214 4088 Te
229 4021 325 4090 sine:
345 4035 396 4089 sat
409 4019 551 4090 dubium
571 4033 660 4089 coetu
677 4019 806 4090 solante
824 4022 978 4089 timorem
1098 4041 1100 4049 ’

167 4136 313 4227 Fallere,
331 4155 363 4208 et
382 4140 525 4210 incultos
546 4142 612 4209 aris
634 4139 811 4210 aduerrere
829 4143 946 4210 crines.
