3094 5140
86 551 206 614 (aas.)
297 533 299 538 ’
397 547 611 605 rumuoos
632 545 743 604 nutu
762 547 844 602 xrz
1001 553 1005 562 ¹
1082 563 1140 620 ως

87 677 154 746 Hic
172 677 248 744 nive
279 675 434 771 Rbipaea,
457 671 575 769 libycis
593 673 647 742 hic
662 687 778 767 pastus
794 675 920 760 arenis,

87 794 182 866 Bella
198 797 288 866 cient
304 820 313 864 ε
331 794 478 864 clamant
491 819 619 882 amnes,
639 793 738 882 freta,
760 793 892 878 nubila,
910 793 1020 882 silvae3

85 922 230 1012 Jamque
246 930 363 1012 patent
379 931 528 1011 strages:
548 915 713 1010 plangunt
728 941 787 984 sua
802 913 924 985 damna
940 913 1069 1004 coloni,

85 1043 131 1109 Et
148 1054 261 1108 tamen
281 1061 459 1133 oppressos
478 1038 680 1112 miserantur
699 1038 734 1106 in
752 1061 885 1132 aequore
903 1052 1032 1107 nautas.

85 1158 168 1230 Illas
188 1176 226 1230 ut
242 1186 373 1230 summo
386 1160 476 1236 ¹vidit
495 1175 591 1255 pater
609 1157 696 1229 altus
715 1157 878 1254 Olympo,

86 1285 257 1352 Incestare
274 1281 377 1369 diem,
395 1279 632 1375 trepidumque
645 1281 848 1374 Hyperionis
863 1281 978 1350 orbem

87 1401 245 1472 Suffundi
261 1401 417 1490 maculis,
437 1417 533 1471 torvo
553 1401 600 1470 sic
619 1400 856 1472 inchoatore:

137 1553 155 1588 α
166 1522 322 1616 vidimus
340 1521 533 1609 armiferos,
554 1546 623 1616 quo
643 1521 691 1591 fas
707 1537 778 1592 erat
796 1545 920 1616 usque,
936 1522 1081 1608 furores,

86 1642 268 1732 Coelicolae,
285 1642 459 1738 licitasque
476 1645 581 1730 acies,
600 1644 662 1740 etsi
678 1645 782 1738 impia
797 1643 885 1714 bella

85 1770 185 1836 Unus
207 1767 286 1856 init,
307 1789 476 1860 aususque
493 1791 567 1838 mea
584 1765 806 1861 procumbere
827 1765 956 1836 dextra.

85 1891 188 1960 Nunc
203 1913 265 1983 par
281 1886 692 1980 infandum„miserisque
710 1886 883 1982 incognita
899 1889 997 1957 terris

85 2013 206 2105 Pugna
226 2009 360 2078 subest:
382 2008 510 2078 auferte
528 2005 645 2078 oculos
663 2033 671 2076 ε
689 2008 881 2077 absentibus
898 2010 1010 2078 ausint

84 2134 156 2200 Ista
169 2131 269 2217 Deis,
288 2128 477 2223 lateantque
496 2132 613 2199 iovem
629 2155 637 2196 τ
656 2113 707 2196 sat
722 2127 840 2197 funera
857 2153 978 2198 meusae

84 2250 271 2338 Tantaleae,
289 2268 324 2322 et
339 2229 452 2322 sontes
468 2251 591 2321 vidisse
606 2251 771 2345 Lycaonis
786 2273 882 2338 aras,

85 2376 130 2442 Et
149 2371 267 2442 festina
286 2371 366 2466 polo
384 2371 543 2444 ducentes
560 2385 649 2440 astra
665 2373 835 2465 Mycenas.
905 2427 909 2437 ,
938 2413 944 2431 ,

84 2494 188 2563 Nunc
208 2495 308 2562 etiarn
328 2492 494 2562 turbanda
511 2493 581 2562 dies
600 2519 608 2562 :
628 2492 715 2563 mala
733 2492 848 2564 nubila
865 2493 963 2564 tellus

83 2615 226 2710 Accipe,
245 2615 468 2709 secedantque
485 2613 554 2710 poli
572 2641 581 2683 ε
600 2629 666 2684 stat
684 2639 822 2710 parcere
838 2616 983 2703 mundo,

86 2734 332 2830 Coeiitibusque
346 2738 429 2806 meis
445 2735 590 2813 :saltem
607 2761 648 2806 ue
665 2737 805 2832 virginis
823 2736 917 2806 alma

85 2855 222 2943 Sidera,
241 2855 351 2926 Ledaei
371 2857 507 2927 videant
526 2881 590 2926 ncu
611 2855 691 2926 talia
711 2855 842 2926 fratres.
857 2888 875 2922 s

136 2979 192 3047 Sic
211 2992 308 3072 pater
325 2979 560 3072 omnipotens,
581 2979 739 3072 visusque
756 2980 955 3049 nocentibus
973 2980 1061 3048 arvis

84 3099 250 3187 Abstulit,
270 3115 305 3171 et
322 3098 413 3172 dulci
434 3115 532 3170 terrae
550 3125 688 3170 caruere
707 3124 834 3170 sereno.

137 3223 278 3314 Jamque
293 3246 355 3316 per
369 3219 531 3316 argolicas
547 3222 659 3292 Erebo
677 3236 749 3291 sata
765 3223 1029 3318 virgocobortes

86 3344 241 3438 Vestigat
258 3342 425 3438 Polynicis
442 3345 518 3432 iter,
537 3344 710 3438 portisque
729 3345 792 3414 sub
811 3344 891 3439 ipsis

86 3464 239 3554 Invenit,
254 3464 429 3535 incertum
449 3463 516 3534 leto
534 3480 585 3535 tot
603 3465 718 3560 iniqua
736 3463 859 3561 fugane
924 3467 927 3474 ’

84 3588 211 3673 Exeat,
230 3600 263 3655 et
280 3583 403 3666 dubios
419 3586 600 3672 turbabaut
617 3590 731 3656 omina
748 3611 875 3684 sensus.

86 3705 249 3792 Viderat,
269 3707 414 3777 obscura
431 3695 555 3778 vallum
567 3707 658 3784 ‚dum
677 3723 777 3778 nocte
794 3724 947 3804 pererrat

87 3805 192 3921 AEger
205 3825 357 3915 consilii,
368 3830 532 3922 ¹curisque
547 3831 728 3900 novissima
747 3827 900 3916 volvens,
954 3859 956 3866 ¹

85 3948 251 4044 Conjugis
269 3950 381 4044 Argia
401 3947 510 4020 lacere
531 3974 609 4019 curn
626 3948 779 4045 lampade
799 3965 951 4022 moestam

86 4068 243 4168 Effigiem
261 4071 364 4167 (sunt
380 4085 530 4141 monstra
545 4073 674 4170 Deum,
694 4073 741 4142 sic
761 4074 810 4142 ire
830 4071 987 4167 parabat,

86 4193 158 4258 Has
175 4189 283 4259 latura
300 4191 374 4260 viro
392 4191 494 4262 tedas
510 4191 609 4288 erat)
631 4219 638 4260 :
658 4217 739 4288 ergo
757 4194 911 4288 roganti,

231 4337 269 4386 u.
753 4398 755 4402 .
933 4317 975 4400 ¹4
