3200 5142
166 503 197 562 (v.
208 503 275 566 ινδ.)
480 500 693 557 Tunaamos
715 497 828 554 LlBllll
843 498 896 554 111.
1160 498 1216 554 ²23

164 630 209 698 Et
226 640 354 713 metus,
377 637 411 693 et
430 625 534 694 tristis
550 625 725 696 volucrum
743 625 933 692 reverentia
948 637 1065 692 servet.

213 753 258 816 At
277 759 391 839 nuptae
408 745 591 834 exanimes,
610 747 789 841 puerique,
808 745 1126 840 aegriqueparentes

164 866 335 936 Moenibus
354 865 451 934 effirsi
469 890 529 960 per
547 864 661 959 plana,
678 890 740 959 per
757 865 866 952 invia,
879 865 1008 959 passim

165 988 321 1081 Quisque
334 1011 410 1056 suas
424 986 515 1054 avidi
531 984 573 1056 ad
590 985 753 1080 lacrymas
769 983 959 1057 miserabile
975 997 1118 1054 currunt

164 1111 345 1176 Certamen
362 1133 370 1174 ε
387 1129 472 1199 quos
494 1105 597 1175 densa
614 1104 720 1200 gravlu
739 1105 943 1174 comitantur
959 1118 1076 1174 euntes

164 1224 275 1296 Millia
293 1225 423 1296 solandi
441 1225 553 1295 studio
572 1251 580 1292 ε
597 1250 675 1321 pars
691 1226 797 1294 visere
813 1223 958 1320 flagrant

165 1347 276 1414 Unius
292 1359 367 1414 acta
387 1344 466 1433 viri,
485 1359 520 1413 et
540 1359 654 1416 tantos
672 1346 708 1415 in
726 1357 825 1414 nocte
841 1343 982 1414 labores.

164 1469 284 1536 Fervet
303 1467 366 1536 iter
384 1465 532 1561 gemitu,
550 1443 587 1535 et
600 1465 819 1560 plangoribus
840 1488 920 1534 arva
940 1463 1134 1538 reclamant.

213 1590 262 1660 Ut
282 1611 364 1660 vero
381 1586 527 1678 infames
540 1587 711 1681 scopulos,
733 1585 916 1680 silvamque
934 1583 1111 1674 nefandam

164 1710 394 1802 Perventum,
407 1732 469 1777 ceu
489 1705 582 1778 nulla
603 1709 696 1802 prius
712 1705 876 1794 lamenta,
894 1730 956 1774 nec
971 1705 1036 1776 atri

164 1831 358 1898 lllanassent
376 1827 516 1914 imbres,
534 1827 581 1897 sic
601 1851 660 1896 ore
678 1825 885 1897 miserrimus
901 1849 971 1895 uno

166 1948 327 2018 Exoritur
344 1948 470 2044 fragor,
490 1945 716 2041 adspectuque
736 1969 875 2016 accensa
891 1959 1031 2016 cruento

166 2068 281 2138 Turba
302 2068 383 2138 furit
399 2091 407 2137 ε
425 2083 491 2138 stat
509 2068 693 2164 sanguineo
710 2065 868 2138 discissus
888 2066 1012 2136 amictu

165 2191 292 2258 Luctus
308 2203 423 2279 atrox,
439 2213 589 2282 caesoque
605 2187 726 2257 invitat
743 2200 880 2281 pectore
900 2200 1035 2256 matres.

165 2311 365 2379 scrutantur
385 2307 493 2404 galeas
514 2308 715 2403 frigentum,
734 2307 939 2400 inventaque
954 2321 1144 2378 monstrant

166 2432 335 2529 Corpora,
355 2429 524 2524 prociduae
539 2437 640 2522 super
656 2441 896 2522 externosque,
913 2449 1068 2522 suosque.

165 2553 225 2620 11ae
241 2563 393 2646 pressant
411 2551 447 2618 in
465 2549 542 2618 tabe
560 2571 688 2634 comas,
708 2547 760 2616 hae
780 2544 908 2616 lumina
926 2547 1081 2642 signant,

164 2667 381 2765 Vulneraque
399 2666 467 2738 alta
486 2667 618 2764 replent
636 2667 790 2764 lacrymis
807 2692 818 2738 ι
835 2691 913 2762 pars
933 2664 1064 2763 spicula
1081 2665 1195 2740 dcxtn

165 2790 200 2860 N
202 2789 399 2883 equiequam
416 2803 573 2883 parcente
589 2789 746 2875 trahunt,
767 2811 846 2882 pars
863 2783 1008 2856 molliter
1025 2800 1143 2884 aptant

165 2907 307 2977 Brachia
324 2921 445 2978 trunca
466 2905 558 2997 loco,
577 2921 612 2976 et
628 2907 814 2977 cervicibus
832 2931 894 2976 ora
911 2922 1091 3001 repopunt.

216 3031 261 3098 At
279 3052 362 3124 vaga
382 3053 444 3123 per
461 3027 599 3118 dumos,
617 3028 781 3122 vacuique
795 3029 830 3097 in
846 3025 984 3122 pulvere
1002 3028 1129 3121 campi,

166 3149 292 3242 Magna
309 3171 428 3242 parens
443 3148 625 3242 juvenum,
642 3149 767 3243 gemini
784 3162 867 3217 tunc
885 3146 1034 3237 funeris,
1054 3147 1130 3230 Ide,

168 3266 386 3361 squalentem
400 3267 699 3362 'sublataycomam,
717 3265 922 3361 liventiaque
941 3290 1001 3335 ora

166 3391 290 3482 Ungue
309 3411 479 3486 premens,
497 3411 559 3458 nec
573 3388 645 3482 jam
668 3387 785 3458 infelix
801 3385 1074 3480 miserandaque,
1094 3410 1211 3458 verum

166 3511 292 3577 Terror
308 3508 394 3578 inest
412 3507 585 3605 lacrymis,
604 3532 665 3603 per
681 3523 715 3578 et
732 3532 826 3604 arma
840 3522 873 3576 et
886 3531 1035 3604 corpora
1049 3507 1173 3600 passim

167 3627 332 3697 Canitiem
349 3628 514 3721 impexam
535 3625 608 3696 dira
624 3623 746 3698 tellure
762 3624 936 3714 volutans,

167 3748 298 3837 Quaerit
316 3748 413 3842 inops
431 3761 543 3834 natos,
560 3747 720 3840 omnique
733 3748 768 3815 in
785 3769 926 3840 corpore
943 3741 1082 3842 plangit

215 3864 381 3936 Thessalis
398 3866 488 3936 haud
505 3865 603 3936 aliter
618 3863 706 3936 bello
723 3866 836 3960 gavisa
853 3864 1001 3953 recenti,

167 3987 232 4058 Cui
251 3987 373 4083 gentile
393 3987 485 4058 nefas
501 3987 671 4058 hominem
691 3965 850 4056 revecare
865 3984 1034 4072 canendo,

167 4107 334 4180 Multifida
351 4108 506 4180 attollens
523 4110 661 4203 antiqua
682 4106 808 4178 lumina
823 4105 940 4196 cedro,
