3094 5140
389 483 444 540 158
686 483 899 542 smarnos
919 485 1030 544 men
1053 489 1106 544 tx.
1314 494 1416 558 (sang

384 609 529 678 Submta
551 606 659 678 fallaci
680 625 790 680 servat
807 611 945 705 vestigia
964 609 1063 699 limo,

383 729 438 796 Sic
455 728 555 795 ctiam
576 729 778 823 increpitans
799 755 808 798 ε
827 729 955 800 «Unde
972 730 1064 819 baec,
1084 734 1232 821 Ismene,
1252 748 1388 828 repente

383 849 438 916 Ira
456 845 537 915 tibi?
557 871 665 941 quove
680 850 739 918 bns
758 851 886 918 traxisti
907 851 1041 946 gurgite
1057 852 1146 920 sires

383 963 515 1034 lmbelli
534 966 715 1039 famulante
732 967 827 1040 Deo?
845 969 1019 1065 solumque
1036 995 1189 1042 cruorem

383 1087 546 1155 Femineis
562 1103 696 1182 experte
711 1091 842 1178 choris,
858 1115 963 1184 quum
980 1092 1144 1161 Bacchica
1159 1093 1269 1186 mugit

245 1257 250 1271 .
385 1208 517 1294 Buxus,
533 1223 567 1276 et
582 1209 704 1277 insane
721 1207 891 1279 maculant
908 1211 1077 1280 trieterida
1096 1211 1241 1280 matres?
1252 1241 1270 1274 s

431 1329 569 1397 Dixerat
586 1355 595 1396 :
615 1344 717 1422 atque
733 1328 781 1397 iili
802 1353 872 1398 sese
889 1333 981 1400 Deus
998 1329 1121 1399 obtulit
1139 1331 1227 1399 uitro

330 1465 334 1473 “
380 1445 549 1518 Turbidus
567 1449 672 1518 imbre
689 1473 810 1544 genas,
829 1463 863 1518 et
881 1449 970 1520 nube
989 1452 1135 1520 natantis
1154 1473 1282 1518 arenae:

321 1640 326 1650 ,
380 1561 569 1639 Nec'saevit.
581 1569 695 1657 dictis,
715 1583 834 1638 manca
852 1567 910 1640 sed
929 1583 1065 1662 pectora
1083 1593 1209 1663 quercu

342 1719 346 1726 ·
380 1691 456 1773 Ter,
474 1701 601 1780 qnater,
618 1689 782 1781 oppositi,
801 1702 965 1780 quantum
981 1689 1031 1755 ira
1049 1691 1208 1780 Deusque
1226 1685 1400 1774 valebant,

380 1805 516 1901 Impulit
535 1831 708 1902 assurgens
725 1833 734 1875 :
754 1807 891 1874 tandem
908 1807 1047 1900 vestigia
1062 1805 1170 1893 flexit,

380 1929 632 2020 Excussamque
650 1951 752 1994 manu
769 1927 935 2020 tegimen,
956 1947 1181 2019 conversaque
1200 1923 1286 1994 iente

379 2047 487 2139 Terga
505 2043 629 2124 refert:
649 2047 774 2114 instant
794 2043 912 2134 undae,
927 2047 1144 2138 sequiturque
1160 2043 1328 2114 labantem

380 2165 496 2232 Amnis
513 2189 616 2232 ovans
633 2190 642 2234 s
660 2187 790 2234 necnon
807 2165 909 2252 saxis,
927 2179 961 2232 ct
979 2164 1142 2257 grandine
1160 2163 1239 2232 ferri

380 2287 532 2378 Desuper
551 2283 708 2354 infestant
724 2284 836 2377 Tyrii,
852 2285 1053 2378 geminoque
1071 2281 1236 2377 repellunt

380 2405 536 2496 Aggere:
554 2403 637 2497 quid
656 2403 758 2473 faciat
776 2400 870 2472 bellis
889 2403 1043 2470 obsessus
1061 2415 1096 2470 et
1112 2400 1233 2472 nodis?

381 2525 452 2591 Nec
471 2522 549 2617 fuga
562 2524 632 2616 jam
649 2525 789 2612 misero,
805 2547 866 2591 nec
885 2545 1014 2616 magnae
1030 2523 1126 2615 copia
1146 2524 1276 2592 mortis.

431 2641 548 2710 Stabat
567 2644 745 2736 graminea
764 2637 928 2736 producta
945 2639 1116 2734 crepidine
1135 2642 1217 2735 ripae

381 2761 557 2828 Undarum
574 2784 613 2829 ac
628 2775 723 2830 terrae
737 2761 859 2848 dubio,
876 2759 935 2830 sed
953 2761 1091 2830 amicior
1106 2759 1204 2828 undis
1295 2741 1301 2756 ’

381 2881 561 2969 Fraxinus,
579 2881 774 2974 ingentique
791 2878 914 2950 vadum
933 2877 1128 2974 possederat
1145 2878 1277 2948 umbra.

380 2999 489 3089 Hujus
508 3021 606 3092 opem
623 2995 722 3092 (nam
743 3015 931 3091 quaternas
950 2995 1167 3092 invadereti)
1186 2999 1272 3066 unca

382 3118 534 3210 Arripuit
551 3117 688 3204 dextra3
709 3142 769 3188 nec
788 3116 926 3212 pertulit
945 3114 1003 3186 illa
1021 3095 1227 3204 trabentem3

381 3235 446 3304 Sed
464 3221 591 3328 majore
609 3261 725 3330 supra,
745 3261 845 3330 quam
865 3237 974 3304 stabat
990 3235 1141 3329 pondere
1154 3237 1241 3304 victa

381 3353 541 3442 Solvitur,
559 3371 675 3449 etqua
692 3371 809 3450 stagna
827 3357 917 3444 subit
936 3354 1067 3442 radice,
1087 3355 1274 3448 quibusque

381 3479 539 3544 drentem
559 3475 732 3544 mordebat
752 3476 913 3563 humum,
931 3475 1074 3546 demissa
1091 3498 1236 3569 superne

382 3593 499 3685 Injecit
517 3593 646 3687 trepido
667 3619 756 3683 sese,
775 3596 969 3689 ripamque,
987 3617 1049 3667 nec
1068 3593 1155 3664 ultra
1231 3653 1236 3660 .

383 3715 562 3782 Passurum'
578 3713 695 3783 subita
715 3712 850 3784 vallavit
868 3727 971 3808 ponte
990 3714 1105 3784 ruinas.

382 3836 456 3900 Huc
474 3832 571 3900 undae
589 3848 730 3920 cocunt,
749 3849 785 3903 et
802 3832 1013 3903 ineluctabile
1029 3857 1160 3904 coenum

383 3952 640 4045 Vorticibusque
657 3954 746 4021 cavis
761 3953 862 4041 sedit,
879 3953 1064 4045 crescitque
1079 3951 1284 4020 haredum.

384 4075 522 4166 Jamque
540 4073 715 4158 humeros,
734 4074 805 4166 jam
823 4071 908 4142 colla
926 4071 1020 4140 ducis
1039 4073 1174 4140 sinuosa
1191 4094 1318 4167 vorago
