3094 5140
416 493 472 553 sm
716 445 929 544 rrmsunos
952 484 1063 541 nmnn
1085 485 1150 540 xu.
1361 483 1451 546 (sust

465 615 542 680 Haec
556 611 650 706 prior
666 635 673 678 :
692 610 748 679 hic
764 612 890 705 pariter
905 610 1026 706 lapsae,
1041 611 1228 704 junctoque
1244 634 1311 704 per
1330 611 1429 703 ipsun

415 730 583 826 Amplexu
594 733 765 818 ,uuiscent
785 731 890 801 avidae
907 730 1386 828 lacrymasque,·comasque,

414 854 614 946 Partitaeque
636 867 729 920 artus
748 851 890 922 redeunt
908 850 1039 922 alterne
1057 867 1228 947 gementes

413 973 466 1045 Ad
486 971 636 1061 vultum,
654 988 688 1041 et
707 998 784 1042 cera
803 973 933 1042 vicibus
952 973 1082 1042 cervice
1097 971 1275 1055 fruuntur,

412 1098 572 1188 Dumque
585 1093 686 1163 modo
698 1094 767 1163 hrec
782 1093 924 1192 fratrem¹
932 1107 1111 1178 memorat,
1122 1118 1213 1163 nuno
1225 1092 1288 1163 ilta
1301 1097 1458 1176 meritum,

413 1219 602 1309 Mutuuque
622 1240 748 1286 exorsae
764 1214 916 1301 Thebas,
934 1219 1335 1309 Argosquerenarrant,

413 1337 564 1431 Longius
582 1337 684 1431 Argia
705 1337 845 1406 miseros
866 1335 1090 1406 reminiscitur
1108 1349 1228 1404 aetus:

413 1488 429 1522 α
444 1460 510 1527 Per
528 1458 589 1526 tibi
608 1456 723 1526 furtivi
741 1480 874 1528 sacrum
893 1480 1072 1525 commune
1092 1454 1239 1543 doloris,

412 1584 476 1649 Per
498 1580 605 1649 socios
623 1581 761 1666 Manes,
780 1593 813 1647 et
832 1579 965 1648 conscia
986 1578 1093 1648 sidera
1109 1579 1207 1673 juro;
1238 1651 1240 1654 ,

413 1704 491 1772 Non
510 1700 565 1769 hic
585 1701 743 1786 amissos,
761 1723 954 1794 quanquam
977 1725 1082 1795 vagus
1103 1698 1218 1786 exsul,
1235 1701 1404 1788 honores,

411 1824 490 1892 Non
509 1819 632 1917 gentile
650 1819 781 1910 solum,
800 1845 886 1890 ceree
902 1845 973 1890 non
992 1835 1129 1915 pectora
1145 1827 1303 1912 marris,

411 1946 460 2012 Te
478 1943 614 2038 cupiens
632 1967 755 2026 unum,
773 1955 974 2035 noctesque,
993 1939 1151 2035 diesque,
1172 1941 1317 2014 locutus

411 2065 629 2158 Antigonen:
648 2087 711 2158 ego
730 2087 813 2136 eure
831 2061 953 2149 minor,
972 2059 1144 2156 facilisque
1164 2063 1332 2159 relinqui.

411 2187 462 2254 Tu
482 2199 593 2254 tumen
612 2181 740 2252 excelsa
757 2179 910 2252 sublimis
932 2181 1070 2252 forsitan
1089 2207 1184 2270 aree,

411 2309 499 2376 Ante
519 2291 612 2375 nefas
630 2305 743 2374 Graiis
760 2303 901 2404 dantem
914 2301 1042 2382 vexilla,
1054 2303 1223 2399 maniplis,

412 2425 556 2515 Vidisti,
578 2440 676 2519 teque
696 2423 751 2494 ille
771 2425 843 2495 acie
861 2425 1006 2519 respexit
1025 2425 1067 2494 ab
1087 2425 1159 2520 ipsa

409 2549 498 2616 Ense
515 2545 713 2635 salutatam,
732 2562 766 2614 et
782 2547 931 2616 nutantis
951 2548 1076 2615 vertice
1095 2549 1172 2617 coni
1191 2574 1199 2618 ε

411 2669 482 2739 Nos
499 2667 618 2762 procul
637 2694 646 2736 z
665 2666 904 2742 extremassed
924 2667 999 2761 quis
1016 2670 1109 2738 Deus
1127 2669 1197 2764 egit
1219 2671 1256 2739 in
1278 2674 1376 2742 iras?

411 2788 468 2860 Nil
484 2805 603 2859 vestrae
622 2787 756 2860 valuere
773 2789 914 2885 preces?
932 2792 1038 2860 tibine
1056 2791 1119 2860 iste
1133 2794 1280 2886 ‚negavit

410 2909 554 2980 Oranti?
566 2941 583 2976 o
601 2913 727 2980 Causas
746 2935 785 2980 ac
802 2913 912 2982 tristia
926 2911 1073 2988 ¹reddere
1094 2911 1180 2980 facta

411 3035 567 3128 Coeperet
588 3031 782 3128 Antigone:
804 3031 891 3102 fidus
911 3057 1021 3102 comes
1042 3031 1200 3102 admonet
1219 3034 1343 3110 ambas
1366 3063 1376 3104 :

411 3183 428 3217 α
443 3158 505 3225 Eia
524 3157 614 3248 agite
634 3155 804 3248 inceptum
824 3151 955 3249 potius!
970 3157 1041 3249 jem
1059 3156 1170 3226 sidere
1189 3153 1322 3250 pallent

411 3277 532 3344 Vicino
551 3275 686 3346 turbata
708 3273 787 3343 die:
807 3275 953 3370 perferte
974 3274 1143 3363 laborem,

410 3398 555 3490 Tempus
575 3397 640 3465 erit
656 3395 810 3491 lacrymis
829 3423 837 3465 :
857 3421 997 3466 accenso
1015 3396 1138 3466 flebitis
1157 3398 1276 3492 igne.»

460 3516 560 3586 Haud
579 3516 697 3611 procul
714 3516 840 3586 Ismeni
857 3518 1089 3587 monstrabant
1106 3541 1282 3589 murmura
1300 3519 1440 3613 ripas,¹

411 3639 481 3727 Qui
502 3637 656 3708 turbatus
675 3636 786 3708 adhuc
806 3653 841 3707 et
858 3639 1023 3733 sanguine
1042 3635 1178 3708 decolor
1197 3638 1275 3706 ibat.

411 3763 488 3828 Huc
508 3758 634 3830 laceros
651 3774 744 3830 artus
763 3761 855 3830 socio
873 3761 1051 3829 conamine
1069 3775 1208 3854 portant

411 3879 589 3970 Invalidae,
608 3883 788 3977 jungitque
805 3906 915 3952 comes
934 3906 1003 3951 non
1022 3880 1143 3950 fortior
1159 3877 1265 3949 ulnas.

398 4003 468 4093 ,ste
489 4003 733 4096 Hyperionium
750 4001 865 4097 tepido
885 4001 1095 4072 Phaethonta
1115 4025 1245 4070 sorores

413 4126 610 4194 Fumantem
626 4123 739 4194 lavere
757 4122 849 4196 Pado
868 4150 875 4192 :
897 4125 953 4192 vix
972 4119 1130 4201 dumille
1149 4121 1303 4217 sepulcro
