3200 5142
414 475 471 530 ὀὔ
725 469 950 526 ,ΤΗΕΒΑῙΒΟδ
969 469 1082 526 LlllER
1103 468 1143 524 11.
1356 467 1470 530 (aad.)

417 600 538 691 Longa
555 596 627 665 sitis
644 594 810 684 latebras,
829 609 984 688 totosque
1001 595 1129 692 agitata
1144 616 1206 689 per
1219 607 1335 680 artus,

417 718 593 787 Convocat
608 717 644 786 in
662 715 775 786 fauces
795 731 830 785 et
850 739 1010 809 squamea
1026 713 1112 785 colla
1123 737 1317 788 ‚venenum

465 830 636 934 «Cognita
646 838 681 907 si
695 835 806 908 dubiis
822 837 936 907 fratris
951 835 1036 906 mihi
1049 836 1163 932 jurgia
1183 835 1287 932 siguis

414 965 504 1036 Ante
521 960 649 1047 forent,
663 983 730 1028 nec
745 956 841 1028 clara
858 959 1014 1043 odiorum
1030 983 1152 1028 arcena
1172 972 1341 1056 paterent,

420 1080 598 1152 Sufficeret
613 1078 670 1150 ivel
689 1078 759 1150 sola
777 1079 879 1169 fides,
896 1104 964 1174 qua
981 1093 1111 1170 torvus,
1129 1094 1163 1176 et
1180 1077 1276 1150 illum

417 1205 536 1272 Mente
550 1225 693 1298 ¹gerens,
709 1224 774 1270 ceu
791 1213 887 1295 septa
903 1225 1012 1271 novus
1027 1201 1098 1296 jam
1115 1201 1238 1293 muenia
1249 1199 1348 1288 :laxet

415 1326 549 1412 Fossor,
571 1337 605 1392 et
617 1319 759 1391 'hostiles
777 1321 951 1391 inimicent
969 1318 1105 1392 classica
1120 1331 1266 1410 turmas,

418 1443 574 1514 Praefuris
592 1467 601 1511 ε
619 1442 655 1510 in
672 1439 800 1510 medios
818 1441 1016 1511 sicomiuus
1036 1466 1112 1512 orsa
1130 1440 1262 1513 tulisses

419 1566 590 1654 Bistonas,
607 1559 669 1635 aut
684 1561 802 1660 resurgo
823 1560 986 1658 pallentes
1002 1561 1072 1634 sole
1091 1561 1257 1654 Gelonos,

418 1687 557 1757 Paneion
570 1683 738 1779 alloquio,
756 1698 789 1754 et
796 1682 905 1754 medii
924 1686 1130 1755 reuerentior
1148 1687 1235 1780 sequi

419 1808 587 1903 Inciperes
603 1831 611 1874 ι
629 1829 740 1899 neque
755 1819 788 1874 te
808 1803 999 1874 furibundae
1013 1806 1290 1877 criminemcntis

419 1928 616 2024 Arguerim,
631 1925 790 1997 mandata
806 1924 910 1996 refers
926 1951 934 1995 ε
953 1951 1061 2015 nunc,
1079 1928 1194 1998 omnia
1213 1926 1350 2024 quando

420 2047 523 2120 Plena
544 2049 659 2137 minis,
676 2071 739 2116 nec
760 2059 891 2142 sceptra
906 2044 990 2136 fide,
1007 2071 1168 2143 uecpace
1190 2065 1361 2144 sequestra

420 2169 573 2257 Poscitis,
591 2184 626 2238 et
642 2167 763 2264 capulo
784 2169 923 2264 propior
941 2191 1078 2259 manus3
1095 2169 1166 2238 haec
1187 2195 1261 2240 mea
1277 2171 1347 2266 regi

421 2287 598 2387 Argolico,
617 2287 769 2360 nondum
790 2313 886 2384 aequa
903 2289 984 2378 tuis,
1001 2290 1074 2360 vice
1091 2289 1180 2372 dicta
1197 2305 1353 2384 reporta:

470 2413 585 2501 «Qua
602 2435 674 2479 sors
688 2409 780 2506 justa
799 2409 899 2496 mihi,
915 2433 990 2504 quae
1006 2433 1074 2479 non
1092 2409 1259 2482 indebitus
1270 2412 1371 2504 ,anuis

423 2528 701 2625 sceptonicavit
717 2530 846 2618 honos,
865 2545 981 2619 unco,
997 2527 1204 2627 longumque
1219 2534 1353 2604 tenebo.

423 2655 472 2721 Te
491 2675 593 2747 penes
606 2650 751 2721 Inachiae
767 2649 888 2721 dotalis
905 2653 997 2746 regia
1015 2652 1141 2723 dono.
1277 2685 1280 2692 ·

421 2772 600 2866 Conjugis,
613 2783 648 2840 et
663 2774 788 2841 Danaae
805 2770 902 2868 (quid
919 2773 1008 2842 enim
1022 2773 1206 2869 majoribus
1222 2779 1304 2846 actis

421 2889 872 2988 Invideamllcumulentur
892 2916 973 2989 opes
989 2920 997 2962 τ
1013 2891 1166 2984 felicibus
1183 2902 1292 2992 Argos

421 3014 602 3111 Auspiciis,
618 3017 945 3110 Lernamqueregas
961 3040 1047 3102 auos
1065 3016 1204 3087 horrida
1221 3019 1341 3088 Dirces

421 3139 566 3225 Pascua,
584 3150 620 3205 et
635 3135 794 3206 Euboicis
814 3150 957 3222 arctatus
974 3137 1132 3209 fluctibus
1148 3164 1240 3231 oras,

422 3259 502 3328 Non
522 3256 688 3352 indignati
703 3257 866 3327 miserum
884 3255 1206 3353 dixisse'parentern·
1347 3311 1351 3322 -

422 3377 625 3473 OEdipoden
644 3404 653 3447 ε
671 3377 733 3447 tibi
751 3375 845 3473 larga
862 3375 1016 3474 (Pelops,
1034 3393 1068 3448 et
1085 3379 1247 3453 Tantalus
1264 3386 1400 3482 auctor)

422 3496 608 3588 Nobilitas,
628 3495 834 3594 propiorque
851 3496 934 3568 fluat
953 3495 995 3568 de
1013 3501 1176 3596 sanguine
1188 3503 1307 3596 juncto

422 3619 577 3713 luppiter
596 3645 605 3688 ε
624 3618 813 3688 anne-'feret
834 3617 918 3688 luxu
935 3635 1095 3690 consucta
1114 3636 1255 3717 paterno

422 3743 522 3809 Hunc
540 3740 655 3834 regina
673 3737 802 3810 larem?¹
813 3754 937 3808 nostrae
953 3743 1008 3809 cui
1024 3744 1100 3836 jure
1120 3743 1252 3814 sorores

422 3861 532 3931 Anxia
548 3883 651 3954 pensa
661 3860 823 3948 trahant3
843 3858 947 3958 longo
966 3886 1068 3956 quam
1088 3862 1222 3935 sordida
1238 3863 1334 3937 luctu

422 3984 544 4066 Mater,
560 3992 600 4048 et·
614 4003 656 4047 ex
671 3979 747 4049 imis
761 3979 896 4066 auditus
912 3979 999 4051 forte
1015 3983 1162 4056 tenebris
1241 4037 1244 4042 -

422 4099 581 4173 Oll'cndat
599 4123 694 4168 socer
711 4097 766 4170 ille
781 4107 891 4170 senex'.
919 4133 936 4168 c
950 4106 1025 4174 Jaru
1045 4121 1180 4200 pectora
1197 4106 1289 4204 vulgi
1324 4131 1327 4140 ·
