3192 5148
758 485 788 538 P.
810 483 931 540 avaut
952 483 1087 546 STATll¹
1370 494 1440 550 (m.)
1564 513 1569 522 ι

466 1231 617 1299 vluna
641 1183 957 1304 susanam
973 1179 1142 1300 pennu
1166 1229 1367 1300 suntme.

837 1603 986 1620 *-

443 1915 510 1982 Fsr
528 1914 615 1981 inter
635 1926 731 1982 notos
752 1915 908 1982 Sirenum
929 1913 1065 1982 nomine
1084 1937 1217 1999 mures,

395 2032 545 2124 Saxaque
563 2033 743 2124 Tyrrhena
762 2031 893 2126 templis
912 2047 1051 2101 onerata
1069 2033 1246 2118 Minerva,

396 2148 491 2218 Celsa
508 2150 682 2221 Dicarchei
703 2149 902 2246 speculatrix
922 2149 1002 2219 villa
1022 2149 1196 2245 profundi,

395 2270 472 2357 Qua
488 2270 623 2339 Bromio
643 2270 783 2340 dilectus
802 2295 896 2365 ager,
916 2269 1080 2364 collesque
1100 2295 1161 2364 per
1179 2267 1263 2339 altos

395 2389 527 2475 Uritur,
547 2403 579 2457 et
598 2387 707 2483 praelis
723 2414 791 2457 non
811 2389 938 2457 invidet
954 2414 1018 2457 uva
1038 2385 1196 2457 Falernis.

446 2510 520 2575 Huc
535 2532 588 2575 me
607 2522 681 2603 post
699 2509 799 2602 patrii
818 2507 930 2577 laetum
950 2509 1180 2602 quinquennia
1201 2507 1310 2592 lustri,

395 2628 512 2716 Quum
532 2626 638 2696 stadio
654 2629 724 2720 jam
744 2628 839 2722 pigra
857 2630 966 2721 quies,
981 2652 1149 2721 canusque
1170 2626 1299 2696 sederet

395 2743 529 2833 Pulvis,
549 2745 591 2814 ad
611 2748 805 2817 Ambracias
824 2772 983 2816 conversa
1003 2746 1168 2846 gymnade
1189 2744 1342 2833 frondes,

394 2868 501 2933 Trans
516 2864 639 2960 gentile
655 2866 777 2936 fretum
795 2866 917 2962 placidi
937 2866 1093 2936 facundia
1110 2864 1196 2936 Polli

394 2983 597 3072 Detulit„et
613 2986 726 3056 nitidae
743 2986 901 3081 juvenilis
921 2989 1028 3082 gratia
1046 2986 1164 3075 Pollae,

395 3104 544 3174 Flectere
560 3105 631 3198 jam
649 3106 808 3201 cupidum
829 3132 976 3202 gressus,
997 3131 1063 3201 qua
1084 3106 1189 3176 limite
1209 3119 1289 3175 noto

395 3225 508 3319 Appia
528 3223 704 3321 longarum
724 3228 843 3296 teritur
863 3228 980 3323 regina
1000 3228 1142 3296 viarum.

395 3344 461 3414 Sed
477 3347 594 3440 juvere
610 3372 720 3418 morae.
742 3345 878 3417 Placido
898 3346 1012 3416 lunata
1032 3371 1161 3416 recessu

394 3467 483 3534 Hinc
502 3480 603 3560 atque
622 3466 702 3535 hinc
720 3491 839 3535 curvas
858 3481 1082 3563 perrumpunt
1101 3490 1235 3561 aequora
1254 3489 1354 3559 rupes
1375 3493 1383 3532 :

395 3587 463 3653 Dat
483 3587 613 3655 Natura
632 3584 760 3670 locum3
777 3589 949 3680 montique
967 3587 1148 3656 intervenit
1167 3585 1273 3655 udum

395 3705 507 3792 Litus,
527 3718 560 3772 et
580 3705 615 3773 in
632 3719 752 3792 terras,
769 3705 913 3800 scopulis
931 3706 1170 3799 pendentibus,
1189 3709 1265 3778 exit.

444 3825 563 3893 Gratia
578 3826 688 3919 prima
706 3825 786 3915 loci,
802 3827 935 3921 gemina
956 3825 1122 3896 testudine
1139 3827 1268 3896 fumant

395 3942 541 4032 Balnea,
562 3960 595 4014 et
614 3969 633 4012 c
651 3947 748 4014 terris
766 3946 914 4016 occurrit
931 3944 1039 4016 dulcis
1058 3970 1173 4015 emam

395 4064 553 4158 Nympha
573 4065 658 4133 meri
677 4090 686 4133 ε
707 4063 788 4135 levis
807 4065 863 4135 hic
881 4066 1002 4136 Phorci
1024 4066 1164 4154 chorus,
1186 4065 1318 4158 udaque
1337 4065 1445 4133 crines
