3206 5136
144 535 178 600 (v.
197 531 265 598 us.)
447 529 670 589 rimuumos
691 528 806 590 tmen
825 531 860 583 v.
1161 524 1197 582 35

143 665 384 754 Lunatumque
404 672 501 754 putes
521 681 641 751 agmen
661 654 877 750 descendere,
899 653 957 723 ubi
973 677 1067 725 urm

134 780 302 875 Indulget
320 794 426 876 pater,
445 794 480 848 et
496 780 573 848 sevi
590 791 703 846 movet
721 777 806 846 ostia
824 773 915 848 belli.

194 933 211 967 α
222 903 294 971 Nec
310 902 424 970 varim
437 899 572 987 fremor,
589 912 649 968 eut
665 897 777 967 studia
794 899 830 966 iu
849 897 1020 966 contrariu
1036 897 1126 993 rapti

145 1024 340 1110 Dissensus,
357 1036 397 1090 ut
415 1013 615 1116 plebe'solet
635 1044 642 1087 :
665 1017 760 1088 furor
779 1018 937 1090 omnibus
956 1015 1062 1107 idem,

145 1142 238 1212 Idem
258 1144 391 1212 animus
409 1139 517 1211 solere
538 1140 656 1210 domos
675 1165 683 1208 ε
699 1141 947 1233 juvenumque,
967 1161 1153 1232 seuumque

145 1263 358 1358 Praecipitere
374 1261 483 1348 colos,
503 1260 677 1356 plenisque
697 1259 885 1354 affiungere
906 1283 1028 1353 parvos

145 1383 331 1470 Uberibus,
349 1377 506 1476 ferroque
524 1405 640 1451 omnes
659 1382 749 1450 exire
766 1403 827 1475 per
841 1405 959 1450 annos.

195 1506 321 1573 «Tunc
337 1502 454 1572 viridis
474 1502 540 1572 lete
556 1501 667 1591 lucus,
682 1503 765 1596 juga
783 1501 870 1572 celsa
888 1503 1050 1572 Minervae

146 1629 297 1720 Propter,
317 1639 437 1718 opacat
451 1623 593 1693 humum
612 1623 708 1717 niger
723 1623 810 1719 ipse,
830 1623 887 1692 sed
905 1625 1042 1717 insuper
1060 1623 1177 1715 ingens

127 1749 247 1814 -lllons
265 1747 404 1840 premit,
424 1760 457 1815 et
475 1746 610 1839 gemina
629 1761 771 1840 pereunt
787 1744 931 1838 caligine
948 1743 1054 1814 soles:

146 1867 210 1935 Hir
228 1890 366 1935 sanxere
382 1865 485 1952 fidem,
505 1892 513 1934 :
535 1880 573 1934 tu
592 1868 717 1935 Martia
734 1869 826 1936 testis
844 1870 956 1960 Enyo,

147 1993 257 2079 Atque
274 1986 404 2056 inferna
424 1988 541 2076 Ceres,
562 1988 743 2081 stygiaeque
760 1987 951 2058 Acheronte
968 1986 1097 2056 recluso

147 2113 236 2176 Ante
252 2131 366 2202 preces
385 2131 506 2177 venere
525 2107 595 2177 dese
613 2133 621 2177 :
642 2108 699 2177 sed
717 2107 804 2178 fallit
822 2109 949 2202 ubique

146 2229 255 2296 Mixto
269 2230 386 2298 Venus
405 2253 413 2297 :
434 2232 550 2301 Venus
569 2253 663 2298 arma
684 2243 799 2298 tenet:
819 2233 934 2299 Venus
950 2229 1108 2299 admovet
1127 2232 1203 2299 iras.

146 2349 218 2420 Neo
235 2347 277 2418 de
297 2373 391 2418 more
410 2373 511 2418 cruor
532 2375 539 2417 :
562 2362 678 2419 nutum
698 2350 862 2445 Csropeiu
877 2351 1000 2444 conjux

147 2466 282 2539 Obtulit
303 2493 311 2536 :
333 2470 517 2562 accingunt
536 2493 622 2558 sese,
640 2484 674 2538 et
692 2471 850 2539 mirantia
869 2470 958 2540 ferro

146 2591 305 2677 Pectora,
324 2591 559 2683 congestisque
576 2590 682 2659 avidae
701 2589 799 2660 simul
821 2590 971 2686 undique
990 2590 1130 2678 dextris,

147 2707 383 2802 Perfringunt,
401 2735 441 2778 ac
460 2709 558 2780 dulce
577 2710 672 2780 nefas
688 2713 723 2779 in
743 2711 907 2805 sanguine
925 2713 1003 2781 vivo

147 2829 352 2922 Conjtuuut,
372 2845 581 2925 monentque
596 2857 712 2901 recens
728 2831 948 2902 circumvolat
967 2835 1095 2903 umbre.

197 2977 214 3012 o
224 2948 318 3019 Talia
334 2953 484 3020 cernenti
501 2952 585 3020 mibi
603 2968 751 3046 quantus
770 2956 805 3022 in
822 2954 952 3022 ossibus
972 2955 1112 3023 horror?

107 3056 114 3062 ⁵
147 3070 276 3157 Quisve
292 3093 353 3165 per
369 3095 429 3140 ora
447 3071 562 3142 color?
579 3072 687 3167 qualis
705 3095 809 3166 quum
828 3099 925 3143 cerva
942 3077 1090 3143 cruentis

148 3191 388 3261 Circumventa
405 3191 510 3288 lupis,
530 3193 662 3262 nullum
683 3197 737 3263 cui
754 3211 889 3290 pectore
907 3194 1001 3264 molli

147 3311 276 3408 Robur,
294 3329 328 3386 et
346 3315 382 3382 in
398 3312 528 3384 volucri
550 3318 663 3386 tenuis
680 3315 802 3386 fiducia
820 3341 937 3406 cursu,

149 3435 344 3527 Praecipitat
362 3458 523 3530 suspensa
542 3435 657 3532 fugam
678 3462 686 3504 :
704 3438 927 3533 jamjamque
945 3441 1049 3507 teneri

148 3551 282 3642 Credit,
300 3569 334 3622 et
349 3553 459 3624 elusos
482 3556 578 3625 audit
596 3571 798 3627 concurrere
816 3583 957 3627 morsus.

199 3701 217 3737 o
228 3671 282 3742 Illi
300 3673 442 3744 aderent
463 3701 471 3744 ε
490 3678 609 3773 primis
622 3677 760 3772 jamque
778 3677 948 3749 offendere
964 3682 1086 3750 carinae

148 3795 321 3864 Litoribus
340 3822 347 3865 :
369 3811 500 3866 certant
518 3796 605 3868 saltu
624 3800 820 3894 contingere
839 3815 961 3870 terram

150 3917 341 4012 Pracipites
362 3943 370 3986 τ
391 3919 521 4008 miseri,
540 3945 626 4014 quos
643 3945 712 3989 non
733 3935 793 3990 aut
810 3920 948 3992 horrida
968 3925 1076 3992 virtus

149 4039 261 4106 Marte
281 4038 345 4107 sub
362 4039 512 4134 odrysio,
530 4055 590 4109 aut
608 4041 709 4110 medii
730 4041 944 4113 inclementia
963 4047 1059 4140 ponti

149 4156 320 4227 Hauserit!
341 4159 408 4230 alta
428 4163 529 4232 etiem
550 4164 716 4256 Superum
738 4163 876 4234 delubra
896 4181 1077 4260 vaporant,

982 4283 1015 4354 3.
