3206 5136
412 559 467 615 ²9²
759 529 762 538 ’
786 537 1087 594 nuttort‘rtottas

453 658 554 714 Gclr'do
580 657 693 732 spargit
713 657 848 711 miserata
866 654 994 730 flagello
1016 651 1054 732 (v.
1081 653 1137 727 ro).
1160 653 1226 710 Non
1251 649 1370 708 offendo
1398 673 1460 710 curn

411 751 513 806 Markl.
534 749 565 805 in
584 749 731 810 locutione
749 762 861 823 quesuu
882 765 1022 822 spargere
1033 746 1178 823 flagello,
1198 746 1355 820 musenim
1369 767 1459 822 quum

410 842 484 900 roris
504 840 636 898 matutini
655 841 753 917 aliqua
773 840 820 897 hic
840 839 986 914 injiciatur
1006 839 1097 895 notio.
1120 838 1169 896 sie
1183 839 1323 895 Orellium
1346 857 1461 913 quoque

408 933 550 1008 judicasse
563 933 658 991 video.
680 963 722 978 --·
738 934 879 989 Misemta
893 932 1028 1008 exprimit
1042 951 1049 988 ι
1067 941 1145 988 tantu
1156 941 1198 988 cot
1210 930 1323 988 miseria
1335 949 1398 987 mea
1405 972 1415 1002 ,
1431 943 1461 986 ut

410 1029 455 1084 vel
475 1032 601 1100 Aurora,
614 1045 661 1083 me
681 1043 782 1084 somno
797 1027 920 1084 caruisse
935 1025 1178 1095 animadvertens,
1196 1024 1391 1082 misericordia
1408 1025 1461 1080 mei

410 1130 552 1197 tangatur·
664 1161 667 1168 ·
760 1125 763 1132 ’

451 1213 545 1270 clu.
560 1213 594 1268 V.
616 1211 782 1270 «Misellum
797 1231 927 1284 carmen,
947 1212 1081 1269 ultimum
1098 1211 1173 1270 inter
1185 1212 1313 1270 Statiano
1333 1221 1391 1265 tam
1411 1227 1457 1264 or-

411 1303 478 1360 dine
491 1323 579 1379 qnam
587 1303 813 1381 ingenio...lllilri
826 1305 941 1362 videtur
954 1304 1062 1362 Statim
1075 1305 1275 1380 imperfectum
1283 1301 1438 1377 rdiquisse
1446 1324 1459 1351 ι

498 1435 501 1442 .
1265 1399 1382 1452 Mun„

454 1491 575 1564 Serpere
585 1493 712 1547 crudeles
725 1489 763 1571 (r.
775 1510 813 1548 no
827 1489 892 1570 ιφ).
906 1490 1118 1565 Wakefieldus,
1132 1492 1162 1547 in
1176 1491 1241 1546 Silo.
1260 1491 1320 1546 cn't.
1328 1529 1339 1556 ,
1353 1489 1409 1544 rol.
1422 1507 1458 1554 ιι,

411 1600 439 1655 p·
455 1583 512 1653 ²3,
530 1599 603 1639 corr.
619 1601 627 1638 t
643 1609 656 1636 ι
667 1583 792 1658 Carpere
814 1585 961 1642 crudelem
973 1585 1047 1641 vidit
1065 1584 1200 1661 lanugine
1213 1585 1322 1640 malas»
1335 1580 1457 1658 (postm-

410 1693 489 1730 mum
501 1675 558 1732 hoc
572 1673 684 1754 codd),
697 1677 716 1733 i.
729 1696 754 1734 e.
770 1672 798 1734 et
810 1678 885 1735 vidit
905 1678 1051 1736 crudelem
1065 1674 1212 1756 (cinerem)
1226 1693 1362 1750 cupere,
1379 1685 1430 1730 etc.

456 1769 548 1840 Qtutm
561 1769 682 1827 meditor
699 1773 816 1827 terdena
829 1756 874 1850 (ι.
891 1769 949 1850 ul).
965 1773 1000 1827 ln
1011 1771 1106 1828 codd.
1120 1781 1149 1826 et
1166 1769 1232 1826 edd.
1251 1779 1321 1824 vett.
1339 1769 1456 1824 lacuna:

411 1879 494 1934 quum
596 1864 625 1918 iu
639 1864 723 1932 teni„
740 1881 828 1938 quum
844 1882 917 1922 voce
930 1865 1052 1920 meditor
1062 1862 1188 1938 explerit
1203 1860 1364 1928 Domitium
1385 1861 1457 1914 Gro-

410 1971 477 2008 nov.
493 1965 522 2010 et
536 1954 639 2012 Markl.
654 1975 661 2012 ε
676 1958 764 2024 m'tor,
778 1956 797 2012 i.
812 1976 837 2013 e.
859 1975 924 2013 cnm
937 1957 1038 2013 labore
1056 1967 1085 2012 et
1100 1956 1203 2012 dolore
1222 1973 1339 2010 carmen
1351 1961 1455 2026 'pango-

411 2045 505 2102 Etiam
516 2046 640 2104 inversu
647 2065 684 2119 ²7
699 2049 833 2105 lacunam
844 2059 1007 2107 monstrant
1019 2047 1133 2123 antiqui
1144 2046 1226 2117 libri,
1240 2047 1279 2103 ita
1289 2066 1297 2101 ε
1306 2070 1320 2095 ι
1329 2046 1402 2102 Orsa

410 2147 452 2194 est
471 2156 478 2192 ι
492 2149 580 2214 atque
593 2139 636 2197 ira
649 2141 796 2198 tacendi.»
810 2141 899 2214 Quod
916 2140 1027 2198 editum
1040 2151 1098 2212 est,
1113 2139 1243 2196 Domitio
1257 2149 1287 2194 ct
1304 2137 1396 2212 ipsum
1410 2135 1456 2190 de-

412 2229 514 2302 beun3
528 2231 579 2287 sed
598 2233 644 2288 vel
667 2233 706 2289 oh
724 2233 872 2290 metricam
891 2233 1052 2290 libertatem
1071 2243 1249 2307 suspectum,
1268 2231 1383 2305 qualem
1401 2245 1455 2283 uon

410 2340 539 2396 unquam
553 2323 607 2380 sibi
620 2319 790 2406 indulgebat
801 2326 916 2384 Statius.

456 2416 564 2472 Tenues
583 2419 686 2492 r'guwo
699 2421 810 2493 pollice
822 2419 944 2476 chordas
957 2417 996 2498 (r.
1012 2417 1071 2499 31).
1086 2421 1129 2476 lta
1142 2421 1189 2474 vel
1208 2421 1347 2474 tremulas
1359 2415 1454 2472 Marll.

411 2508 543 2580 conjecit.
562 2513 680 2568 Veteres
694 2532 701 2568 ι
717 2513 843 2568 excludit
856 2515 945 2569 rumis
958 2533 968 2568 .·
982 2515 1093 2588 ignavo.

451 2603 645 2677 Fomcutuque
657 2624 756 2679 quaem
773 2607 958 2674 Vulneribus,
971 2608 1026 2664 sed
1038 2625 1153 2662 summa
1160 2644 1170 2672 ,
1184 2604 1256 2660 meis
1266 2601 1304 2679 (r.
1321 2603 1379 2680 42).
1395 2604 1455 2658 Huc

408 2695 468 2768 jum
482 2712 498 2750 a
512 2695 615 2752 Markl.
634 2697 736 2753 merito
756 2709 872 2770 notata,
886 2708 916 2755 et
930 2708 996 2755 ante
1009 2717 1075 2756 enm
1093 2699 1130 2755 ab
1143 2696 1278 2766 Heinsio,
1294 2696 1348 2771 qui
1365 2695 1457 2768 conjc-

411 2787 450 2842 cit
465 2787 520 2842 sed
528 2807 616 2845 vanu.
630 2792 739 2846 Verum
752 2790 877 2847 restituit
890 2792 1033 2848 Weberus
1046 2810 1083 2847 ex
1096 2791 1161 2847 cod.
1175 2789 1298 2864 Rhedig.
1315 2809 1322 2844 ι
1336 2789 1456 2844 :vulne-

410 2880 503 2952 ribns,
520 2901 586 2956 quoe
605 2901 729 2954 summa,
742 2901 802 2938 m.»
816 2913 857 2926 -
870 2885 957 2959 Seqq.
973 2903 990 2942 a
1008 2903 1094 2940 versu
1114 2883 1150 2951 46
1164 2883 1195 2938 iu
1213 2882 1339 2956 antiquis
1357 2901 1455 2938 corru-

409 2971 538 3044 ptissima
556 2975 654 3048 paullo
681 2973 799 3032 liberius
821 2974 920 3033 relicta
942 2977 980 3033 ab
1006 2975 1194 3046 Marklando,
1222 2993 1311 3048 quem
1334 2974 1458 3048 sequitur

410 3064 507 3120 editio.
523 3065 654 3146 Singulas
671 3067 843 3125 mutationes
856 3066 985 3125 indicare
1002 3068 1087 3126 uobis
1096 3087 1153 3144 per
1173 3067 1297 3141 epatium
1315 3086 1377 3123 non
1389 3066 1456 3123 licet.

455 3157 558 3212 Verum
575 3171 637 3214 erut
654 3155 692 3236 (v.
710 3155 767 3237 49).
783 3159 807 3214 1.
826 3178 850 3216 e.
866 3179 980 3235 aequum
994 3170 1068 3232 erat,
1093 3177 1254 3217 merueram
1273 3177 1357 3231 sane,
1378 3171 1410 3216 nt
1430 3160 1456 3213 in

410 3249 591 3306 Horatiano:

517 3378 600 3430 Metiri
610 3395 636 3429 ee
649 3396 768 3448 quemque
781 3397 825 3431 suo
837 3381 935 3432 modulo
948 3399 976 3433 ec
989 3382 1052 3450 pede
1064 3397 1146 3433 rerum
1157 3391 1200 3432 ert,

411 3497 458 3554 Sic
470 3507 547 3554 recte
562 3501 669 3570 Gron.,
682 3518 712 3573 p.
732 3501 799 3575 391.

453 3593 601 3666 Loquaces
608 3593 735 3648 Delicias
743 3595 887 3649 docmme
893 3596 940 3649 sui
946 3596 1070 3651 couvt'ct'a
1077 3595 1141 3652 Nili
1146 3590 1290 3662 Infantem
1299 3591 1339 3670 (r.
1347 3591 1386 3648 66
1395 3589 1447 3666 sq.)

414 3682 494 3752 Quid
506 3683 575 3738 velit
587 3685 709 3756 Statius,
725 3686 833 3760 optime
847 3685 988 3762 significat
1000 3687 1150 3757 Martialis,
1163 3686 1200 3742 ab
1221 3685 1324 3742 Mar-kl.
1343 3687 1455 3750 allatus,
1472 3689 1476 3697 '

414 3793 458 3845 rr,
473 3782 532 3842 lu:

520 3929 547 3980 si
560 3931 615 3996 quie
623 3931 684 3982 lorte
695 3932 756 3982 mihi
766 3944 843 3999 possm
857 3944 969 4001 prestare
982 3933 1089 4000 roganti,

555 4013 634 4076 Audi,
646 4031 717 4081 quem
730 4032 848 4082 puerum,
861 4017 957 4078 mucce,
971 4033 1055 4084 rogare
1068 4017 1158 4067 velim:

520 4099 618 4149 Niliacis
631 4099 735 4166 primum
747 4117 807 4167 puer
820 4101 960 4152 innascatur
974 4101 1000 4152 in
1011 4103 1072 4160 oritt

555 4183 679 4250 Nequitia
689 4185 758 4235 telltn
769 4186 814 4236 soit
826 4185 883 4235 dure
896 4185 963 4235 nulla
974 4185 1055 4252 magia
