3094 5140
392 531 448 586 aab
691 525 908 584 Tanaumos
929 523 1044 583 malta
1065 526 1116 582 Xl.
1324 528 1360 590 (r.
1376 525 1448 590 διδ.)

391 655 538 744 Solvite,
558 677 693 748 quaeso,
711 677 849 739 manus,
870 650 1057 746 infestaque
1077 652 1210 724 vincula
1230 653 1374 722 tandem

390 775 554 862 Dividite,
570 789 605 846 et
623 773 771 844 medium
790 797 880 846 nuuc
897 771 1015 848 saltam
1030 773 1197 846 admittite
1212 789 1360 870 patmn.
1375 805 1394 839 ι

438 896 533 966 Talia
548 897 747 990 dequestus,
767 891 942 990 paullatim
963 911 1126 968 sumserat
1145 897 1211 966 iras
1278 923 1284 932 ·

388 1020 531 1106 Mortis,
551 1031 584 1086 et
602 1013 731 1086 occulte
750 1013 871 1101 telum,
889 1015 924 1084 ni
943 1029 1020 1088 nata
1039 1030 1183 1105 vetaret,

390 1137 586 1228 Quaerebam
606 1136 663 1206 sed
681 1149 772 1206 easta
787 1159 889 1206 manu
906 1136 1118 1208 subtraxerat
1136 1158 1232 1209 enses

388 1261 583 1354 Antigone:
606 1257 689 1326 furit
706 1254 785 1326 inde
804 1280 929 1326 senex:
950 1257 1049 1328 «Ubi
1064 1259 1164 1327 noxia
1182 1255 1272 1326 tela?

390 1384 463 1449 Heu
474 1380 597 1468 Furiae,
614 1403 693 1448 num
708 1391 816 1448 totum
835 1377 918 1446 abiit
937 1379 972 1448 in
991 1393 1134 1473 corpora
1152 1375 1301 1448 ferrum?
1314 1407 1332 1441 a

389 1501 565 1569 Dicentem
583 1522 694 1568 eomas
713 1522 802 1594 aegra
820 1498 922 1585 levat,
940 1512 1138 1591 mutumque
1156 1494 1306 1566 dolorem

389 1624 465 1715 Ipsa
484 1621 628 1715 premit,
647 1641 770 1690 aarum
789 1619 937 1714 gaudem
956 1617 1121 1713 planxisse
1141 1631 1327 1711 parentem.

438 1739 530 1810 Olim
547 1756 661 1810 autem
679 1741 820 1835 incepta
837 1738 985 1813 clamore
1000 1739 1158 1809 exterrita
1178 1761 1300 1832 pugnae

390 1861 518 1956 Regina
533 1859 698 1931 extulerat
714 1875 833 1931 notum
853 1857 1081 1955 penetralibus
1101 1883 1229 1946 ensem,

390 1983 512 2055 Ensem
531 1981 715 2076 sceptriferi
736 1979 881 2075 spolium
902 1977 1117 2074 lacrymabile
1135 1981 1218 2050 Laii.

389 2101 564 2197 Multaque
581 2126 686 2195 quum
704 2103 842 2196 Superis
861 2115 894 2170 ot
912 2100 987 2174 diro
1006 2115 1126 2200 questa
1142 2099 1261 2189 cubili,

388 2228 433 2294 Et
450 2225 520 2293 nati
538 2222 648 2310 furiis,
668 2199 702 2291 et
720 2223 820 2316 primi
839 2223 992 2318 conjugia
1011 2221 1157 2310 umbria,

389 2349 532 2414 Luctata
545 2359 596 2414 est
610 2341 747 2429 dextra,
763 2358 798 2414 et
818 2367 927 2438 prono
945 2344 1001 2412 vix
1020 2355 1155 2438 pectore
1173 2343 1301 2413 ferrum

389 2467 533 2535 Intravit
550 2445 703 2553 tandem,
722 2479 756 2534 et
772 2487 872 2536 venas
887 2466 1043 2561 prorupit
1061 2463 1165 2540 anites

394 2585 537 2674 Vulnus,
556 2598 589 2654 et
609 2583 724 2656 infelix
743 2583 905 2656 lustratur
923 2587 1085 2682 sanguine
1105 2584 1219 2656 lectus.

390 2705 483 2776 lllius
502 2703 579 2775 exili
598 2705 795 2776 stridentem
811 2707 846 2776 in
864 2721 1000 2802 pectore
1018 2704 1153 2803 plagam

390 2831 520 2897 Ismene
539 2825 686 2922 collapsa
700 2853 802 2922 super
820 2825 1040 2922 lacrymisque
1058 2829 1228 2922 comisque

391 2948 544 3019 Siccabat
560 2946 723 3044 plangens
741 2975 750 3017 ε
770 2947 878 3042 qualis
894 2948 1130 3020 Marathonide
1148 2947 1230 3019 silva
1269 3015 1273 3024 ,

391 3069 524 3140 Flebilis
542 3071 710 3165 Erigone,
730 3071 804 3140 oaesi
824 3095 930 3167 prope
949 3069 1066 3141 bruera
1084 3072 1206 3164 patris,
1229 3143 1236 3151 ,

391 3191 573 3282 Qnestibus
589 3190 751 3261 absumtis
767 3193 895 3264 tristem
911 3192 980 3285 jam
998 3189 1125 3276 solvere
1145 3190 1271 3260 nodum

391 3315 563 3407 Coeperat,
579 3326 614 3384 et
630 3314 732 3384 fortes
751 3337 861 3384 ramos
882 3315 1046 3385 moritura
1063 3312 1202 3409 legebat.

440 3438 484 3504 At
496 3436 587 3528 jam,
606 3432 682 3506 laeta
702 3434 826 3505 ducum
847 3459 921 3530 spes
941 3433 1077 3506 elusisse
1095 3433 1255 3522 duorum,

392 3558 458 3624 Res
478 3556 699 3650 Amphionias
715 3555 781 3628 alio
798 3573 1033 3652 sceptrumque
1050 3554 1195 3652 maligna
1229 3639 1232 3644 Ι

391 3675 620 3746 Transtulerat
636 3679 786 3749 Fortuna
803 3657 922 3766 manu,
940 3677 1124 3772 Cadmique
1146 3677 1277 3748 tenebat
1317 3655 1319 3662 Α

392 3799 474 3866 lura
491 3799 613 3867 Creon.
631 3799 736 3868 Miser
752 3799 818 3868 heu
836 3797 1002 3868 bellorum
1019 3795 1197 3870 terminus!
1220 3795 1266 3866 illi

393 3921 588 4013 Pugnarant
608 3919 726 3989 fratres
745 3945 754 3987 ε
774 3920 865 3990 hunc
886 3935 920 3990 et
936 3921 1103 3992 Mavortia
1124 3895 1269 3992 clamant

393 4038 543 4126 Semina,
562 4054 596 4108 et
614 4041 784 4136 impensus
803 4043 919 4136 patriae
938 4038 1052 4136 paullo
1070 4054 1150 4110 ante
1163 4043 1356 4111 Menmoeus

396 4155 563 4229 Conciliat
582 4161 716 4256 populis
735 4189 743 4231 :
764 4161 894 4232 scandit
913 4161 1012 4232 letale
1030 4177 1189 4256 tyrannus
