3156 5138
328 463 337 468 ·
393 463 429 514 7⁰
751 447 780 499 Ρ,
804 442 926 500 rutam
947 442 1070 501 suurn
1101 415 1102 420 ἵ

301 621 305 630 ,
391 569 569 663 Erexitque
587 594 674 660 suas,
690 561 790 664 atque
809 565 1014 640 obluctantia
1031 594 1110 638 saxa

392 687 579 757 summovit
596 688 721 779 nitens,
738 703 773 758 et
788 711 910 784 magno
927 702 1063 782 pectore
1081 701 1228 756 montem

393 805 574 900 Reppulit3
593 808 754 878 immitem
774 807 888 878 credas
904 807 1039 904 jussisse
1058 829 1247 875 novercam.

438 928 529 1020 Ergo
544 951 626 1021 age3
644 950 703 996 seu
719 927 862 1021 patrios,
878 924 964 996 liber
975 928 1045 1022 jam
1061 923 1210 1022 legibus,
1228 927 1334 1017 Argos

391 1043 529 1134 Incolis,
545 1060 580 1114 et
598 1070 744 1116 mersum
763 1043 899 1118 tumulis
915 1045 1100 1140 Eurysthea
1119 1043 1240 1129 calcas3

392 1163 468 1232 Sive
483 1165 532 1233 tui
551 1163 672 1235 solium
685 1161 843 1254 reviset
861 1155 985 1234 virtute
1003 1178 1119 1259 parata

393 1286 494 1353 Astra
510 1297 618 1374 tenes,
631 1283 855 1379 haustumque
874 1285 935 1354 tihi
949 1284 1118 1354 suoeincta
1133 1279 1220 1351 beati

391 1403 560 1493 Nectaris,
573 1402 709 1474 excluso
727 1403 846 1475 melior
864 1405 1010 1499 Phryge,
1026 1403 1169 1498 porrigit
1184 1401 1295 1492 uebe;

391 1527 467 1593 Huc
480 1523 574 1610 ades,
590 1539 625 1593 et
636 1525 772 1619 genium
787 1522 920 1619 templis
937 1522 1150 1594 nascentibus
1165 1519 1260 1590 infer.

383 1644 469 1713 ¹Non
488 1656 521 1713 te
536 1645 645 1713 Ierna
660 1650 810 1730 nocens,
822 1667 884 1712 noc
900 1642 1057 1738 pauperis
1072 1665 1153 1710 arva
1170 1637 1352 1725 Molorchi,

391 1762 463 1832 Nec
479 1761 675 1833 formidatus
690 1764 832 1834 Nemees
847 1785 941 1857 ager,
960 1776 1097 1831 antrave
1117 1774 1261 1854 poscunt

392 1880 548 1969 Thracia,
564 1905 627 1951 nee
641 1883 756 1952 Pharii
774 1880 904 1975 polluta
919 1879 1038 1950 altaris
1053 1879 1157 1974 regis,
1198 1911 1200 1916 ·
1241 1909 1244 1914 ¹

392 1999 457 2076 sed
474 1999 566 2090 felix,
586 1999 792 2097 simplexque
808 2000 945 2088 domus,
960 1999 1182 2094 fraudumque
1197 1997 1359 2068 malarum

392 2121 516 2209 Inscia,
533 2134 565 2190 et
581 2122 768 2215 hospitibus
779 2122 916 2216 Superis
930 2120 1125 2215 dignissima
1139 2119 1242 2192 sedes.

393 2240 485 2308 Pone
503 2251 612 2310 truces
626 2263 743 2328 arcus,
758 2264 943 2336 agmenque
964 2241 1092 2310 immite
1111 2239 1292 2334 pharetrae,
1305 2274 1308 2286 ·

243 2355 247 2364 “
393 2360 435 2427 Et
450 2381 568 2455 regum
580 2359 689 2430 multo
699 2359 872 2454 perfusum
886 2363 1047 2456 sangiune
1056 2360 1176 2448 robur,

394 2479 643 2572 Instratumque
660 2479 809 2548 humeris
826 2477 958 2550 dimitte
972 2480 1164 2577 gerentibus
1183 2481 1324 2552 hostem.

441 2598 505 2666 Hie
520 2597 581 2667 tihi
596 2597 735 2667 Sidonio
755 2596 880 2669 adsum
897 2597 1053 2694 pulvinar
1069 2602 1212 2672 acantho

302 2719 304 2723 ’
392 2717 545 2806 Texitur,
564 2731 599 2787 et
618 2718 720 2812 signis
741 2718 860 2790 crescit
880 2733 973 2790 torus
992 2743 1088 2814 asper
1107 2721 1253 2792 eburnis.

393 2839 550 2925 Pacatus,
565 2837 721 2931 mitisque
732 2840 823 2928 veni,
842 2863 904 2909 nec
920 2838 1074 2910 turbidus
1090 2843 1156 2924 ira,

395 2952 466 3024 Neo
483 2954 645 3026 famulare
661 2957 795 3046 timens3
812 2959 870 3028 sad
886 2982 987 3053 quem
1004 2959 1201 3030 telllaenalis
1219 2965 1313 3054 Auge

394 3073 592 3144 Confectum
608 3075 738 3163 thiasis,
759 3091 793 3147 et
807 3077 915 3147 multo
931 3077 1034 3148 fratre
1051 3078 1240 3148 madentem

393 3195 566 3281 Detinuit;
583 3193 782 3291 qualemque
798 3221 889 3293 vage
908 3211 985 3293 post
998 3199 1142 3268 crimina
1158 3199 1265 3267 noctis

393 3311 548 3384 Thestius
562 3313 750 3411 obstupuit,
770 3318 867 3388 toties
880 3338 995 3386 socer:
1010 3317 1066 3386 hie
1086 3317 1146 3388 tihi
1163 3315 1247 3386 festa

372 3437 376 3444 ’
395 3435 559 3527 Gymnas,
580 3449 613 3502 et
626 3436 775 3506 insontes
789 3436 951 3530 juvenum
968 3437 1038 3506 sine
1054 3437 1212 3506 caestibus
1222 3438 1279 3506 irae

395 3553 517 3620 Annua
533 3549 638 3622 veloci
655 3570 822 3648 peragunt
838 3557 1021 3626 certamina
1038 3554 1155 3628 lustro.

394 3669 459 3738 llic
480 3670 611 3765 templis
628 3673 823 3769 inscriptus,
843 3700 906 3746 avo
922 3675 1103 3771 gaudente,
1119 3675 1273 3746 sacerdos

395 3788 522 3860 Parvus
536 3789 664 3878 adhue,
679 3793 861 3888 similisque
875 3795 945 3880 tui,
961 3820 1067 3888 quum
1082 3797 1191 3891 prima
1212 3820 1361 3866 novercae

396 3909 551 3978 Monstra
566 3934 668 3980 manu
686 3935 867 4006 premeres,
886 3927 987 4008 atque
1001 3915 1190 3986 exaninma
1205 3913 1345 3986 doleres.

301 4111 308 4126 ὓ
445 4027 510 4098 Sed
526 4054 680 4123 quasnam
693 4033 794 4101 subiti
808 4033 996 4102 veneranda
1013 4033 1149 4104 exordia
1166 4033 1300 4130 templi,
