3172 5142
147 465 180 528 (¹-
192 469 254 531 ⁸65.)
456 467 669 526 rueramus
690 471 801 526 LIBER
820 471 871 524 Vl.
1145 463 1181 522 85

135 592 230 662 Bella
250 607 411 661 movent:
431 590 541 660 medio
559 594 682 685 conjux
702 607 768 662 stat
786 590 928 661 candida
947 605 1043 684 prato

135 715 309 782 Victorem
325 727 542 806 exspectans:
559 727 721 806 rumpunt
739 713 863 780 obnixa
880 710 1025 780 furentes

137 835 298 919 Pectora,
317 830 429 899 subdit
447 855 541 899 amor
559 831 728 918 stimulos,
747 844 780 900 et
797 828 935 898 vulnera
955 845 1059 899 sanat.

137 949 306 1019 Fulmiuei
324 952 371 1018 sic
392 937 490 1017 dente
508 974 601 1036 sues,
622 951 670 1018 sic
687 948 820 1044 hispida
838 964 951 1042 turpes

138 1068 261 1137 Proelia
279 1065 405 1137 villosis
425 1070 541 1136 ineunt
559 1068 785 1163 complexibus
802 1069 882 1136 ursi.
953 1121 956 1125 .

188 1190 250 1256 Vis
268 1187 382 1256 eadem
399 1188 541 1256 OEnidae
560 1213 568 1255 :
589 1214 649 1256 nec
668 1187 755 1275 sole,
775 1203 834 1256 aut
854 1185 991 1282 pulvere
1008 1187 1095 1270 fessa

137 1308 292 1376 Membra
310 1306 446 1376 labant:
467 1310 553 1404 riget
569 1323 662 1376 arcta
680 1309 785 1397 cutis,
803 1306 961 1402 durisque
981 1306 1134 1377 laborum

138 1429 309 1520 Castigata
327 1428 408 1495 toris
429 1453 437 1494 :
457 1442 573 1496 contra
591 1451 658 1496 non
679 1423 882 1523 integerille

138 1546 289 1616 Flatibus
304 1545 440 1615 alternis
459 1539 614 1641 aegroque
631 1547 762 1618 elloetus
781 1548 875 1618 hiatu

138 1669 241 1737 Exuit
258 1668 403 1760 ingestas
422 1667 524 1736 lluvio
543 1667 674 1736 sudoris
695 1693 846 1757 arenas,-

139 1791 189 1856 Ac
206 1787 321 1855 furtim
341 1802 438 1881 rapta
458 1801 620 1855 sustentat
639 1804 774 1882 pectora
795 1804 894 1858 terra.
946 1841 948 1846 ,
985 1839 988 1848 ‚

189 1909 296 1978 Instat
308 1931 409 2004 agens
429 1907 580 2000 Tydeus,
600 1907 781 2002 fictumque
800 1911 835 1976 in
854 1907 940 1978 colla
958 1909 1102 1978 minatus

140 2032 250 2099 Crura
269 2029 383 2096 subit:
402 2028 518 2121 coeptis
536 2052 604 2098 non
626 2027 778 2098 evaluere
795 2029 897 2122 potiri

140 2153 320 2220 Frustratae
340 2149 503 2218 brevitate
523 2174 665 2218 manus:
685 2150 777 2218 venit
789 2147 917 2232 ⁴arduus
935 2146 990 2216 ille

140 2273 307 2363 Desuper,
326 2293 589 2364 oppressumque
607 2271 750 2364 ingentis
768 2268 856 2338 mole
873 2270 979 2337 ruinae
1013 2299 1016 2304 ·

141 2388 324 2459 Condidit:
343 2389 436 2458 haud
455 2388 551 2458 aliter
570 2387 664 2459 collis
683 2405 849 2459 scrutator
865 2389 953 2458 Iberi
969 2381 983 2450 .'
1029 2391 1032 2400 ’

141 2510 257 2597 Quum
275 2510 397 2597 subiit,
416 2509 581 2605 longeque
599 2511 704 2599 diem,
720 2514 888 2604 vitamque
902 2509 1057 2604 reliquit,

141 2630 177 2699 Si
195 2631 333 2697 tremuit
351 2654 529 2724 suspensus
548 2655 642 2727 ager,
657 2632 870 2725 subitumque
889 2631 1057 2726 fragorem

142 2753 256 2847 Rupta
274 2747 367 2818 dedit
387 2749 503 2837 tellus,
523 2749 605 2819 latet
622 2754 712 2821 intus
731 2767 845 2820 monte
865 2750 974 2820 soluto

142 2871 311 2960 Obrutus,
333 2895 372 2940 ac
391 2872 522 2966 penitus
542 2871 686 2940 fractum
704 2869 953 2964 obductumque
968 2868 1112 2940 cadaver

142 2991 378 3088 Indignantem
394 2993 543 3060 animum
557 2994 703 3086 propriis
723 3018 791 3060 non
807 2990 953 3061 reddidit
971 2990 1079 3059 astris.

192 3114 312 3184 Acrior
330 3113 395 3182 hoc
412 3111 564 3206 Tydeus,
584 3114 770 3205 animisque
788 3126 820 3180 et
839 3125 973 3206 pectore
989 3133 1091 3204 supra
1105 3125 1164 3179 est.

144 3234 215 3301 Nec
232 3257 343 3320 mora,
365 3258 440 3301 curn
460 3231 579 3302 vinclis
598 3234 758 3326 onerique
777 3232 911 3327 elapsus
929 3231 1047 3322 iniquo

147 3355 313 3422 Circumit
328 3369 516 3442 errantem,
536 3368 569 3423 et
586 3368 682 3450 tergo
703 3377 766 3422 nec
785 3355 907 3447 opinus
924 3353 1084 3440 inlraeret:

146 3475 227 3541 Mox
244 3472 350 3562 latus,
370 3489 403 3544 et
423 3473 519 3543 lirmo
539 3472 627 3543 celer
646 3474 796 3569 implicat
815 3473 871 3542 ilia
889 3499 996 3562 nexu3

146 3592 332 3688 Poplitibus
351 3618 460 3689 genua
478 3595 555 3663 inde
570 3619 725 3689 premens
744 3593 885 3664 evadere
904 3594 1011 3664 nodos

146 3714 377 3806 Nequicquam
395 3727 428 3782 et
442 3712 538 3784 lateri
556 3714 706 3784 dextram
726 3717 889 3784 insertare
906 3729 1081 3810 parantem

146 3833 340 3925 Improbus,
358 3832 564 3903 horrendum
581 3837 654 3904 visu
673 3861 713 3904 ac
728 3834 883 3905 mirabile
898 3834 1050 3930 pondus,

146 3949 297 4022 Sustulit.
319 3953 490 4025 Herculeis
503 3979 654 4050 pressum
673 3958 720 4026 sic
739 3956 827 4025 fama
843 3954 977 4027 lacertis
994 4007 997 4016 .

146 4073 366 4169 Terrigenarn
383 4076 517 4147 sudasse
535 4079 663 4172 Libyn,
682 4103 786 4173 quum
805 4078 923 4148 fraude
944 4087 1075 4170 reperta
