3094 5140
351 492 440 552 1240
550 513 553 520 ·
682 483 894 539 runnuuos
917 483 1028 540 urana
1051 484 1117 556 rur.
1319 491 1433 554 (vass.)

320 661 325 671 .
382 609 534 703 Effigies,
553 623 734 703 errantque
751 611 870 678 animes
887 603 1129 703 post'membra
1143 610 1268 681 solutae.

380 733 434 799 Tu
450 729 533 798 mihi
552 723 661 824 pande
679 731 764 818 vias,
778 743 905 824 vtuoque
921 730 996 824 ipse
1014 730 1057 799 ad
1075 731 1193 801 funera
1211 731 1342 819 deduc,

382 852 419 922 Si
435 852 583 921 merui.»
600 851 714 939 Dixit,
731 865 924 943 tectumque
939 875 1094 946 aggressa
1112 856 1312 948 propinquas

381 969 556 1042 Pastorale
567 995 667 1059 casae,
684 969 791 1040 reficit
808 971 990 1066 spiramina
1008 972 1086 1042 fessi

382 1093 492 1187 Ignis,
512 1105 547 1161 et
561 1091 747 1162 horrendos
765 1093 924 1186 irrumpit
941 1093 1075 1162 turbida
1095 1119 1241 1190 campos.

434 1210 552 1302 Qualis
571 1212 614 1281 ab
634 1213 769 1282 AEtnoeis
789 1237 926 1282 accensa
942 1210 1103 1308 lampade.
1118 1217 1204 1284 saxis

333 1386 336 1392 ,
382 1336 476 1406 Orba
493 1337 596 1406 Ceres
613 1358 741 1429 magna·
759 1333 911 1404 variabat
932 1335 1078 1429 imagine
1097 1335 1236 1405 flamma

378 1457 564 1526 Ausonium
583 1452 800 1549 Siculumque
815 1452 903 1524 latus
914 1457 1081 1558 ‚uestigia
1099 1459 1185 1552 nigri

380 1577 555 1672 Raptoris‚
576 1591 758 1669 vastosque
771 1573 884 1671 legens
904 1575 938 1643 in
956 1574 1093 1671 pulvere
1111 1577 1228 1648 suloos.

379 1696 474 1768 Illius
490 1697 616 1766 insanis
637 1694 820 1765 ululatibus
841 1697 912 1791 ipse
929 1700 1074 1793 remugit

379 1815 589 1904 Enceladus,
607 1830 776 1911 ruptoque
792 1817 863 1887 vias
881 1815 1051 1887 illuminat
1070 1820 1148 1914 igni.

379 1937 613 2032 Persephonen
631 1961 761 2024 amnes,
778 1934 889 2024 silvas,
909 1936 1012 2024 freta,
1033 1936 1148 2008 nubila
1166 1938 1317 2011 clamant
1336 1972 1347 2014 :

379 2059 611 2154 Persephonen
630 2073 760 2127 tantum
782 2058 889 2153 Stygii
908 2073 996 2127 tacet
1015 2057 1091 2128 aula
1109 2062 1231 2130 mariti.

355 2259 359 2268 .
427 2180 595 2250 Admonet
611 2179 789 2250 attonitam
806 2177 893 2248 lidus
910 2180 1102 2251 meminisse
1115 2182 1276 2274 Gmontis

379 2300 486 2388 Altos,
504 2313 542 2370 et*
550 2296 717 2370 occultam
737 2299 932 2370 submittere
948 2298 1103 2396 lampada
1120 2301 1219 2380 furto.

379 2423 509 2517 Regina
523 2418 696 2516 Argolicas
715 2419 817 2491 modo
835 2419 1011 2490 formidata
1032 2447 1093 2516 per
1109 2424 1229 2510 urbes,

376 2545 504 2611 Votum
520 2542 665 2610 immane
681 2542 808 2636 procis,
828 2565 969 2634 spesque
986 2544 1222 2636 augustissima
1239 2547 1376 2639 gentis,

378 2665 486 2733 Nocte
502 2662 565 2732 sub
583 2661 720 2750 infesta,
740 2659 833 2740 nullo
853 2660 956 2750 duce,
977 2677 1011 2730 et
1028 2662 1123 2733 hoste
1142 2665 1358 2758 propinquo,

378 2782 456 2851 Sola
472 2806 533 2876 per
548 2780 695 2850 offensus
715 2797 953 2867 armorum,·et
969 2781 1097 2853 lubrica
1114 2783 1192 2852 tabo
1260 2805 1267 2824 ³
1535 2785 1536 2860 l

379 2903 559 2991 Gramina,
579 2902 846 2990 nontenebras,
858 2927 926 2972 non
938 2903 1357 2998 circumfusa-tremiscens
1535 2881 1536 2900 Χ

377 3020 527 3092 Concilia
538 3022 748 3107 umbrarum,
761 3037 861 3115 atque
873 3024 1000 3092 animas
1007 3048 1068 3094 sua
1081 3025 1231 3094 membra
1241 3043 1428 3119 gementes.

376 3144 471 3236 Saepe
490 3142 606 3237 gradu·
618 3167 704 3212 caeco
722 3141 867 3232 ferrum,
885 3139 1078 3238 calcataque
1097 3143 1164 3214 tela

377 3261 594 3351 Dissimulet,
609 3260 770 3356 solusque
786 3261 882 3332 labor
898 3263 1005 3332 vitare
1018 3263 1185 3357 jacentes,

375 3387 468 3453 Dum
487 3382 589 3452 fimus
608 3397 706 3478 putat
721 3407 820 3452 omne
838 3408 957 3470 suum,
974 3385 1117 3479 visuque
1136 3389 1244 3480 sagaci

375 3493 531 3576 Rimatur
548 3504 695 3598 positos,
713 3519 746 3572 et
762 3497 904 3599 corpora
924 3529 1032 3600 prona
1049 3508 1186 3602 supinat

376 3624 600 3706 incumbens,
618 3625 837 3718 queriturque
856 3645 976 3719 parum
995 3624 1183 3696 lucentibus
1200 3629 1312 3697 astris.
1377 3703 1382 3710 ,

423 3749 523 3814 Forte
540 3744 740 3840 soporiferas
758 3742 833 3814 coeli
854 3759 982 3814 secreta
999 3747 1210 3841 perumbras
1367 3841 1370 3846 Ι

375 3871 481 3954 luno,
498 3866 573 3935 sinu
592 3866 706 3961 magni
725 3843 830 3934 semet
850 3865 960 3936 furata
979 3869 1109 3955 mariti,
1239 3851 1242 3858 .

375 3985 580 4056 Theseos.ad
600 4010 733 4076 muros,
751 4001 788 4056 ut
806 3975 942 4056 Pallada
960 3987 1128 4078 flecteret,
1147 3989 1234 4076 ibat,

370 4101 655 4201 'Supplicibusque
673 4108 736 4202 piis
754 4105 867 4178 faciles
885 4109 1031 4204 aperiret
1050 4110 1223 4196 Athenas:
