3080 5136
324 492 961 551 mr.r.sTAr11T}muA1u.L1nx.
1011 539 1015 548 .
1110 491 1166 549 333

109 611 200 666 tius:
218 609 400 666 «animorum
409 607 566 684 eupiditate
582 631 588 664 :
605 610 672 666 licet
681 609 776 666 adhuc
790 628 850 666 non
859 628 950 684 parvo
967 607 1168 684 disjungeren-

108 713 170 760 tur
184 704 277 777 spntio
296 702 327 778 (a
344 702 473 781 eastrr's),
489 722 539 778 spe
562 714 657 760 tamen
678 713 706 759 et
723 703 902 777 properandi
924 701 1020 758 studio
1038 701 1096 774 jam
1115 699 1170 760 sibi

110 805 211 852 castra
227 795 401 853 videbantur
414 807 519 852 tenere.
535 820 547 847 i
1165 871 1166 874 Ἴ

163 889 342 965 corporaque
356 891 398 945 ire
416 891 495 945 uidet
507 886 545 966 (v.
564 886 714 966 392).1u13
734 909 741 943 :
757 913 769 939 ιι
785 906 910 963 corpora
927 888 1032 942 abinde
1048 906 1101 941 v.»

160 985 195 1037 In
211 985 311 1038 Ioevum
325 994 436 1058 torquet
454 981 492 1059 (v.
512 982 588 1057 4η).
603 984 674 1052 ΜΒ,
687 984 736 1038 Pll
753 1003 760 1036 :
778 1007 789 1031 ιι
800 981 831 1036 in
844 983 975 1036 loevam.»

160 1076 339 1131 Moderatus
358 1073 396 1153 (v.
415 1075 494 1152 453).
513 1078 589 1131 Bene
603 1059 660 1131 ΜΒ
674 1085 702 1130 et
717 1093 734 1130 n
752 1075 800 1130 alii
815 1094 822 1130 :
837 1075 1040 1130 moderantius.

161 1168 254 1222 Novus
271 1169 367 1223 assilit
378 1167 491 1223 cethem
505 1187 627 1243 magnus
642 1167 759 1224 Clamor
771 1165 809 1244 (v,
827 1164 906 1244 456).
922 1168 1011 1221 Recte
1025 1166 1080 1220 ΜΒ
1092 1173 1120 1220 et
1134 1167 1169 1220 al.

115 1278 180 1314 non
192 1260 278 1334 pauci
296 1280 303 1315 :
320 1280 465 1336 magnum.
480 1261 551 1337 Reg.
571 1279 602 1332 t,
622 1272 688 1315 tunc
702 1279 756 1334 pro
769 1279 857 1317 novas
862 1301 872 1328 ,
886 1277 902 1314 a
919 1260 1003 1335 gloss.

163 1353 320 1425 Prospexit
331 1355 360 1408 in
372 1355 479 1409 cethem
493 1352 531 1430 (v.
549 1351 628 1431 459).
638 1355 755 1428 Optime
761 1356 817 1409 ΜΒ
829 1364 858 1409 et
873 1353 946 1408 alius
955 1371 963 1406 ι
973 1377 985 1402 α
994 1351 1170 1432 αὑωῴετε..
1211 1421 1213 1426 ¹

162 1446 272 1499 Illicitn
289 1448 357 1501 coelr'
375 1448 412 1501 de
426 1447 563 1520 lampade
585 1459 675 1502 tortos
699 1447 737 1522 (v.
758 1445 835 1524 470).
858 1449 909 1500 «Δ
928 1444 1089 1520 longinquo
1106 1443 1170 1518 epi—

117 1537 223 1591 theton
235 1537 335 1608 traxit,
350 1557 385 1594 eo
400 1538 484 1613 quod
502 1557 562 1595 non
583 1539 667 1595 liceat
686 1539 764 1614 tongi
786 1540 866 1608 loca,
880 1537 932 1593 ubi
946 1537 1059 1609 jaceant
1073 1536 1171 1592 fulmi-

116 1630 189 1684 nati.
201 1653 212 1680 n
226 1631 314 1686 Licr.
332 1628 430 1708 (Adde
444 1629 553 1710 Barth.)
568 1635 663 1704 Quare
683 1633 751 1688 olim
768 1631 902 1687 nonnulli
920 1631 1013 1685 Elicio
1034 1630 1169 1702 conjece·

116 1731 205 1792 nuit,
219 1724 255 1778 ab
270 1726 341 1780 Jove
359 1722 458 1780 Elicio.

166 1817 513 1893 Quaenreges...rmun
521 1813 558 1893 (v.
566 1815 623 1874 506
631 1815 694 1895 sq.).
706 1802 926 1874 olonnanhus
933 1843 945 1868 «
954 1839 982 1892 q.
993 1819 1170 1893 teuleges.»

161 1909 341 1965 Alimem‘des
363 1908 400 1986 (v.
426 1909 504 1986 510).
533 1911 674 1967 Codicum
697 1911 792 1983 major
815 1929 951 1966 numerus
972 1929 979 1965 ε
1004 1895 1171 1966 Almeuides

117 2000 167 2054 vel
184 2013 214 2055 et
226 2003 401 2059 Almenides.
419 2022 430 2057 r
447 2003 548 2059 Behot.
563 2005 815 2072 :Achoemem'der,
828 2015 861 2059 ut
878 2004 944 2060 edd.
956 2005 1060 2059 multe.
1074 2004 1169 2073 Lucu,

119 2091 206 2146 etiam
227 2092 258 2147 in
275 2094 340 2152 eod.
366 2097 443 2164 Pan,
462 2095 643 2151 Alemonides
653 2116 664 2162 ;
686 2097 784 2152 scholi.
808 2095 916 2153 Barthii
937 2115 944 2150 ι
969 2096 1170 2163 Alemonides,

120 2183 178 2238 nisi
199 2197 314 2263 typogr.
333 2188 444 2244 vitium.
466 2188 525 2244 Sed
542 2198 622 2245 reete
639 2191 812 2245 Ialmenides
831 2189 848 2244 3
869 2187 1029 2259 Gronovii,
1043 2207 1130 2260 quem
1142 2207 1170 2242 v.

120 2276 159 2329 ad
177 2276 242 2333 305.

167 2370 352 2446 Trabiburque
361 2382 473 2426 arctata
482 2391 583 2428 sonoro
597 2374 714 2428 Pellunt
720 2390 797 2428 saro
806 2369 885 2449 loco(
889 2393 914 2428 v.
926 2373 982 2443 527
997 2369 1061 2450 sq.).
1072 2395 1088 2424 n
1096 2373 1120 2426 V
1122 2389 1171 2427 eru

121 2462 207 2518 lectio
236 2473 278 2518 est
304 2463 334 2518 in
352 2463 563 2539 Lindenbrogii
579 2465 750 2520 membranis
773 2474 801 2521 et
817 2464 922 2520 nostris
945 2463 1087 2521 duobus:
1112 2475 1169 2519 «tr.

121 2566 191 2610 aret.
207 2555 315 2618 sonoris
329 2557 359 2611 P.
375 2575 397 2612 s.
411 2557 486 2612 loeo.
495 2580 508 2606 υ
522 2557 629 2612 'habes
642 2575 755 2612 sonoroe
768 2575 822 2630 per
836 2575 866 2613 ee
876 2557 934 2613 diei
947 2575 1009 2612 non
1027 2565 1170 2629 possunt:

121 2665 211 2720 quum
226 2658 320 2702 autem
334 2647 412 2703 ferro
426 2659 539 2704 armate
553 2648 641 2705 ariete
658 2648 855 2724 impelluntur,
870 2648 988 2704 omnino
1008 2647 1049 2703 sic
1066 2647 1169 2723 appel-

122 2737 174 2792 lari
192 2749 345 2811 possunt.»
365 2742 476 2795 Binru.

166 2832 266 2887 Orbita
283 2835 532 2907 longaeomnmm
546 2829 586 2910 (v.
609 2831 687 2908 551).
711 2832 901 2890 scribendum
923 2831 1041 2888 omnino
1056 2844 1117 2888 erat
1135 2851 1170 2888 ex

121 2926 176 2980 ΜΒ
192 2924 312 3000 aliisque
325 2935 386 2981 non
398 2924 497 2999 paucis
512 2945 519 2979 :
535 2926 594 2981 «Ο.
611 2928 674 2980 lota
688 2943 868 2981 comarum.»

164 3017 339 3093 Cognoscere
361 3036 465 3074 causas
486 3016 524 3092 (v.
552 3016 630 3095 568).
654 3019 708 3074 ΜΒ
738 3037 745 3073 :
772 3035 948 3092 agnoscere,
978 3028 1012 3073 nt
1043 3017 1170 3090 videtur,

120 3127 196 3164 vere.
820 3141 823 3146 Δ

164 3203 266 3257 Erexit
277 3221 348 3277 aper
361 3201 399 3279 (v.
417 3201 535 3279 575)l1.
554 3222 578 3260 e.
598 3204 710 3260 excivit.
724 3205 770 3259 Al.
786 3223 801 3259 e
819 3202 856 3279 gl.
872 3223 878 3256 :
894 3204 996 3278 exegit.
1051 3209 1052 3213 ’

164 3293 300 3368 Supplice
311 3307 385 3349 coetu
402 3289 440 3371 (v.
453 3293 530 3372 589).
546 3297 755 3353 «Scribeudum
771 3309 869 3370 questu
883 3315 918 3351 ex
931 3295 1046 3370 optimis
1060 3296 1169 3352 codd.»

998 3390 1106 3444 Blnru.

165 3481 276 3552 Quiane
287 3494 356 3537 ante
369 3483 436 3537 duci
447 3479 485 3560 (v.
509 3480 566 3556 ⁵9²
581 3479 644 3559 sq.)
660 3480 817 3537 «leonicos
832 3500 839 3535 ι
856 3492 951 3538 curet
969 3481 1058 3537 modo
1072 3483 1169 3537 lutura

119 3591 179 3628 non
206 3573 313 3644 dicam,
338 3574 389 3649 qui
406 3585 485 3646 ante,
505 3593 596 3649 quum
609 3584 730 3631 ventura
749 3574 888 3640 dicerem,
908 3573 948 3629 itu
968 3593 1030 3629 sum
1046 3574 1170 3629 libenter

119 3664 252 3721 auditus?
269 3690 280 3715 υ
297 3669 383 3721 Licr.
398 3669 475 3722 Bene
492 3677 640 3740 comparat
659 3668 755 3723 Barth.
769 3664 870 3742 Virgil.
879 3706 888 3734 ,
902 3667 983 3732 AEn.‚
999 3685 1039 3735 iv,
1057 3665 1112 3737 537
1124 3685 1166 3741 sq.

118 3768 147 3814 et
161 3759 290 3814 Servium
309 3761 450 3816 emendat.

156 3851 271 3907 *nabore
285 3855 321 3925 (v.
340 3853 419 3929 602).
430 3853 476 3909 sic
491 3852 585 3910 Barth.
601 3871 637 3908 ex
650 3863 724 3928 optt.
740 3853 872 3927 2.Vulgo
885 3853 958 3908 male
970 3853 1105 3907 ruborem.

158 3943 280 3996 Moestns
293 3944 406 4011 aethre,
417 3947 531 4018 paerioe
544 3941 582 4020 (v.
598 3943 678 4031 ⁶¹7):
692 3944 934 4020 Distinguendum
949 3962 1014 4000 cum
1028 3944 1144 4000 Barthio
1160 3963 1167 3997 :

120 4059 132 4083 n
151 4045 282 4107 mlestus,
302 4036 395 4091 adhuc
411 4037 517 4112 patriae.
529 4062 556 4094 υ.
740 4104 748 4118 Ι

160 4129 244 4184 Mare
261 4132 348 4184 sumit
360 4131 397 4185 ab
416 4143 489 4187 oestn
503 4129 541 4208 (r.
559 4129 637 4209 623).
653 4133 708 4186 ΜΒ
723 4151 730 4185 z
744 4135 842 4192 sentin
