3206 5136
413 499 449 538 20
736 481 952 537 rnnnstnos
974 481 1087 536 mnan
1108 483 1157 536 ιν.
1354 481 1386 543 tv·
1398 483 1480 552 ⁵⁶⁴-t

409 610 551 703 Pignus,
574 621 607 677 et
625 608 789 702 oppositis
806 599 959 676 Semelen
977 633 998 676 a
1014 623 1131 678 ventre
1149 606 1290 680 lacertis.

409 729 560 797 Penthea
570 728 641 822 jam
661 727 774 797 fractis
794 729 941 822 genitrix
956 728 1118 798 Cadmeia
1135 731 1278 825 thyrsis,

408 853 483 917 Jarn
505 849 640 918 dimissa
656 851 746 937 Deo,
765 863 951 944 pectusque
967 849 1128 943 adaperta
1149 867 1347 940 cruentum,

408 972 604 1064 Insequitur
624 969 761 1064 planctu
778 996 787 1039 ε
807 969 894 1065 lugit
913 968 970 1039 ille
988 994 1049 1065 per
1069 973 1147 1040 avia
1163 973 1310 1060 Lethes,

408 1094 451 1160 Et
473 1093 626 1186 Stygios,
646 1115 853 1186 superosque
872 1090 982 1180 lacus,
1003 1091 1062 1160 ubi
1082 1093 1198 1163 mitior
1213 1091 1311 1162 illum
1386 1105 1391 1112 '

408 1209 484 1281 Fiet
502 1226 617 1306 pater,
638 1225 673 1279 et
689 1209 840 1281 lacerum
857 1213 1034 1307 componit
1051 1237 1176 1307 corpus
1195 1215 1340 1283 Echion.

409 1334 555 1402 Tristem
578 1357 683 1402 nosco
702 1335 848 1427 Lycum,
869 1331 1090 1426 dextramque
1107 1335 1143 1402 in
1164 1349 1260 1428 terga
1275 1335 1439 1403 reflexum

407 1452 581 1540 ‘AEotiden‚
603 1454 745 1523 humero
763 1453 951 1546 jactantem
972 1453 1074 1522 funus
1093 1469 1229 1523 onusto.

406 1577 482 1658 ,Nec
503 1572 656 1646 dumille
674 1588 735 1643 aut
755 1573 907 1661 habitus,
926 1588 987 1644 aut
1003 1599 1106 1644 versae
1125 1575 1266 1645 crimina
1283 1575 1399 1644 formae

299 1747 303 1756 ,
411 1699 525 1766 Mutat
541 1696 837 1790 Aristaeo-genitus
859 1721 867 1761 ε
889 1696 983 1765 frons
1004 1721 1123 1790 aspera
1144 1721 1269 1780 cornu,

406 1814 492 1920 ²Tela
511 1841 631 1903 manu,
650 1817 826 1910 rejicitque
841 1837 941 1886 canes
960 1819 994 1886 in
1014 1815 1137 1914 vulnus
1155 1817 1299 1888 hiantes.

412 1941 499 2008 Ecce
519 1951 632 2007 autem
653 1962 773 2032 magna
793 1938 885 2007 subit
902 1938 1073 2008 invidiosa·
1086 1953 1221 2007 caterva

413 2057 586 2147 Tantalis,
607 2074 641 2127 et
658 2058 789 2127 tumido
810 2074 985 2154 percenset
1005 2058 1124 2128 lunera
1142 2058 1257 2147 luctu,

414 2177 471 2250 Nil
491 2179 619 2274 dejecta
638 2179 762 2250 malis:
779 2181 876 2274 juvat
887 2180 1051 2276 ,effugisse
1069 2185 1222 2258 Deorum

414 2302 588 2384 Numina,
609 2316 644 2369 et
663 2302 788 2370 insanae
808 2302 884 2397 plus
902 2303 973 2396 jam
992 2305 1188 2398 permittere
1210 2301 1376 2398 linguaes

463 2419 560 2491 Talia
579 2421 660 2490 dum
679 2425 769 2518 patri
790 2425 881 2494 canit
902 2425 1104 2494 intemerata
1126 2423 1300 2513 sacerdos,

416 2543 513 2614 lllius
532 2541 629 2614 elatis
646 2545 845 2617 tremefacta
862 2571 1038 2642 assurgere
1055 2549 1151 2617 vittis

417 2666 583 2753 CanitieS,
602 2669 763 2761 tenuique
777 2664 912 2764 impelli
928 2671 1095 2764 sanguine
1116 2653 1241 2739 nultus.

418 2790 490 2857 Nec
504 2789 575 2882 jam
595 2787 745 2858 firmanti
766 2788 904 2879 baculo,
924 2814 988 2858 nec
1006 2789 1138 2886 virgine
1158 2790 1225 2859 fida

418 2910 551 2979 Nititur
568 2935 576 2977 :
595 2925 795 3004 erectusque
811 2903 898 2980 solo:
923 2943 940 2978 n
955 2912 1090 2982 Desiste
1108 2908 1287 2999 canendo,

419 3031 524 3116 Nata,
544 3032 609 3117 ait;
632 3045 781 3100 externae
798 3035 877 3102 satis
895 3049 945 3103 est
963 3034 1047 3102 mihi
1067 3032 1169 3116 lucis;
1191 3033 1320 3103 inertes

419 3151 777 3241 Disceduninebulae,
796 3169 829 3222 et
849 3152 983 3224 vultum
1003 3156 1101 3250 niger
1121 3155 1219 3223 eruit
1237 3155 1304 3224 aer.

420 3263 617 3362 Umbrisne,
639 3297 690 3342 an
701 3299 824 3369 supero
842 3300 896 3344 me
914 3275 1036 3344 missus
1054 3273 1213 3370 Apolline
1233 3273 1381 3369 complet

420 3393 595 3488 Spiritus?
608 3419 650 3463 en
668 3394 768 3464 video
784 3419 993 3490 quaecunque
1010 3395 1148 3466 audita(
1159 3397 1225 3466 Sed
1244 3421 1321 3465 ecce

421 3517 569 3585 Moerent
586 3515 736 3610 Argolici
756 3516 888 3611 dejecto
905 3513 1042 3594 lumine,
1057 3541 1185 3588 manes.
1256 3573 1261 3582 ,

420 3640 555 3706 Torvus
573 3638 676 3725 Abas,
698 3641 899 3731 Proetusque
920 3663 1063 3726 nocens,
1086 3640 1245 3732 mitisque
1267 3636 1485 3719 Phoroneus,

412 3761 681 3851 ,Truncatusque
699 3756 840 3853 Pelops,
858 3773 891 3827 et
911 3783 998 3829 saevo
1016 3758 1159 3853 pulvere
1176 3755 1317 3827 sordens

424 3883 639 3964 OEnomaus,
660 3876 763 3976 largis
781 3881 977 3960 humectant
999 3879 1167 3952 imbribus
1179 3903 1254 3949 ora.

425 4005 584 4095 Auguror
601 4001 681 4070 hinc
698 4003 823 4072 Thebis
841 3998 921 4071 belli
939 3999 1081 4070 meliora
1099 4026 1107 4069 :
1126 4001 1209 4096 quid
1230 4014 1344 4070 nutent

426 4121 470 4192 Hi
488 4145 588 4216 grege
602 4120 774 4192 condenso
787 4121 971 4217 (quantum
985 4145 1082 4192 arma
1096 4136 1131 4190 ct
1144 4120 1286 4191 vulnera
1300 4129 1483 4189 monstrant
