3206 5136
392 541 448 612 ηε
767 539 1066 596 annornmours

431 660 527 732 Lydai:
541 655 607 735 ripa
620 669 658 738 (v.
671 657 717 739 6).
737 659 813 734 Ripa
825 657 968 732 Tibridis;
981 669 1116 735 stagemm
1133 665 1236 718 navah
1242 703 1253 732 ‚
1274 667 1436 722 naumachia

391 750 556 808 Domitiani.
1314 771 1317 776 ·

434 845 533 901 Cessat
547 843 664 900 &uteri
674 845 848 900 moderatrix
860 845 970 900 ludicii
983 843 1073 899 hasta
1086 843 1125 924 (r.
1136 843 1195 924 43).
1209 847 1305 904 «Nam
1318 851 1438 905 Marcel-

396 940 440 994 lus
449 936 504 992 fuit
512 937 694 1011 patronusin
705 936 797 993 causis
804 937 882 1011 apud
890 936 1098 1008 centumviros,
1108 956 1235 1012 quorum
1241 938 1353 1012 judicia
1365 961 1438 997 nunc

390 1029 544 1085 cessabant
558 1027 584 1084 Ii
601 1029 682 1086 hasta
694 1028 851 1086 utebantur
864 1027 976 1105 insigni
988 1053 1001 1080 »ι
1016 1029 1128 1086 Dour.
1144 1032 1181 1087 V.
1196 1030 1297 1088 citatos
1317 1051 1334 1088 a
1347 1034 1438 1088 Barth.

429 1120 564 1195 Latie'que
583 1121 663 1176 micis
679 1123 708 1176 si
724 1123 842 1176 numm
861 1133 985 1196 pergent
1003 1117 1042 1197 (v.
1063 1117 1122 1200 57).
1138 1121 1185 1179 Sic
1200 1122 1305 1178 Maru.
1315 1123 1373 1180 Sed
1384 1125 1440 1179 hec

390 1213 421 1268 in
437 1211 603 1270 conditione
616 1212 710 1287 posita
727 1212 851 1268 scribere
866 1230 928 1269 nou
945 1209 1043 1287 potuit
1065 1214 1179 1270 Statius.
1199 1215 1366 1274 Desercnda
1382 1237 1438 1272 non

391 1315 454 1362 erat
476 1304 610 1362 codicum
629 1316 659 1361 et
680 1304 748 1362 edd.
769 1305 898 1361 omnium
917 1305 1003 1362 lectio
1028 1325 1035 1360 :
1050 1329 1064 1356 ι
1080 1306 1113 1361 L.
1134 1307 1164 1362 d.
1179 1309 1221 1362 sic
1239 1309 1360 1365 numina
1375 1327 1441 1382 per-

393 1408 463 1474 gant
477 1417 484 1454 :
499 1422 512 1449 n
528 1409 558 1455 et
574 1397 751 1473 parenthesis
764 1397 852 1474 signis
864 1398 924 1454 haec
943 1397 1118 1455 includenda
1131 1419 1223 1474 usque
1239 1401 1278 1457 ad
1292 1421 1320 1459 v.
1340 1403 1378 1458 60

392 1507 525 1544 renovare
539 1490 647 1546 tatae
669 1491 733 1560 Sic,
753 1488 812 1546 scil.
834 1499 868 1544 ut
888 1507 924 1545 ex
943 1489 1039 1546 animo
1052 1509 1166 1564 precor.
1183 1494 1259 1549 Usus
1271 1493 1320 1549 hic
1335 1495 1440 1550 voculae

391 1581 433 1634 sie
452 1580 710 1655 inprecationibus
727 1591 813 1637 notus
828 1591 856 1638 et
872 1582 939 1656 plus
952 1580 1019 1638 satis
1036 1582 1192 1656 explicatus
1214 1584 1252 1639 ab
1268 1584 1391 1660 interpp.
1405 1585 1440 1639 ad

392 1672 507 1727 Horatii
520 1691 653 1728 cmmen:
933 1673 936 1682 “

499 1858 538 1910 Sic
548 1868 573 1909 te
585 1857 640 1909 dive
649 1867 734 1925 potens
745 1860 828 1927 Cypri.

433 2025 532 2080 Poscit
543 2045 626 2092 avus,
642 2037 821 2100 praestatque
834 2025 915 2081 dorsi
931 2027 1039 2082 matese
1059 2025 1214 2101 exemplos
1229 2023 1269 2103 (v.
1294 2023 1354 2103 73).
1374 2028 1442 2097 Qun

391 2135 452 2172 non
476 2117 632 2192 intelligere
655 2136 685 2173 se
706 2117 813 2174 latetur
838 2117 941 2174 Markl.
965 2119 1139 2192 Explicarim
1157 2119 1214 2189 ita,
1235 2137 1332 2193 neque
1349 2129 1441 2176 tamen

391 2211 476 2283 plane
490 2210 561 2265 mihi
577 2209 719 2267 satisfacio
735 2230 742 2266 :
757 2211 838 2266 Avus
847 2210 903 2266 tibi
914 2210 972 2266 hoo
989 2221 1120 2285 praestat,
1134 2211 1193 2268 sive
1202 2211 1361 2281 dat,factis
1369 2211 1443 2281 suis,

392 2313 437 2372 ut,
452 2321 527 2377 quos
549 2301 597 2358 alii
616 2300 686 2358 ioris
706 2320 834 2376 quaerere
854 2313 883 2358 et
904 2321 1077 2379 cognoscere
1094 2302 1215 2373 debent,
1237 2313 1272 2358 tu
1291 2303 1374 2358 dorsi
1386 2303 1442 2375 iarn

392 2395 489 2452 videas
499 2405 528 2450 et
540 2393 655 2450 noveris
668 2395 843 2468 triumphos3
853 2395 921 2466 sive,
935 2396 992 2451 hoc
1002 2395 1054 2451 tibi
1066 2406 1181 2470 prestat
1193 2405 1291 2469 pater,
1306 2406 1339 2451 nt
1352 2395 1443 2463 domi,

396 2490 442 2544 vel
459 2489 519 2544 sine
533 2486 718 2562 expeditione
732 2498 761 2543 et
775 2487 973 2562 experimento
988 2506 1149 2559 armorum,
1166 2488 1226 2560 jam
1240 2489 1358 2544 noveris
1375 2487 1444 2562 quid

393 2581 429 2637 sit
446 2581 608 2656 triumphus
627 2601 634 2636 ε
649 2599 709 2655 quo
723 2580 813 2656 magis
826 2592 860 2637 tn
873 2592 1050 2657 praeparatus
1062 2579 1192 2638 militaris
1205 2580 1303 2655 gloriae
1318 2581 1445 2637 cunicu-

394 2675 455 2730 lum
477 2673 644 2750 ingrederis.
659 2704 699 2715 -
718 2676 753 2728 V.
775 2691 835 2748 seq.
852 2673 1035 2749 deprehende
1057 2685 1099 2729 est
1121 2684 1246 2744 sectare,
1266 2675 1399 2730 molare
1418 2686 1446 2728 et

394 2785 553 2841 assequere.
573 2765 685 2823 Deinde
699 2784 785 2822 versu
800 2766 837 2836 76
852 2765 1001 2840 antiquam
1021 2765 1187 2836 lectionem,
1201 2783 1316 2821 ononis
1328 2782 1385 2839 pro
1398 2785 1445 2820 cu-

394 2860 459 2926 ria,
482 2857 668 2914 Marklandus
690 2868 790 2933 argute
814 2857 1017 2914 calumniando
1040 2857 1171 2928 damnat,
1193 2857 1343 2931 quamsit
1362 2857 1445 2912 unice

393 2969 471 3006 vera.
493 2950 551 3006 Sed
569 2948 635 3006 talia
655 2968 716 3005 non
729 2950 889 3024 tangimus,
903 2949 1093 3024 ubicumque,
1113 2967 1177 3024 que
1194 2947 1242 3004 ille
1268 2948 1400 3022 reposuit
1416 2948 1445 3003 in

394 3041 501 3112 Statio,
515 3043 575 3098 sine
589 3041 750 3098 offensione
758 3041 816 3117 legi
830 3054 952 3116 possunt
963 3042 1153 3098 :mutationes
1166 3039 1241 3098 enim
1260 3040 1323 3113 ejus
1337 3041 1446 3097 narrari

395 3153 493 3192 omnes
510 3135 566 3192 nisi
578 3135 609 3192 in
624 3136 714 3211 longo
728 3134 935 3192 commentario
949 3145 1107 3210 nequeunt.

434 3217 552 3285 sturm
571 3229 621 3284 ubi
644 3225 759 3284 Vesbius
772 3225 811 3305 (v.
827 3225 885 3306 79).
901 3229 1034 3286 Imitatur
1055 3227 1152 3305 Virg.,
1162 3230 1239 3296 Em,
1257 3247 1315 3299 m,
1331 3227 1389 3302 575
1403 3248 1445 3302 sq.

394 3323 430 3376 V.
449 3323 566 3392 Gnoso,
579 3340 609 3395 p.
625 3321 692 3397 269.
706 3318 872 3376 Wakefield.
888 3321 926 3377 ad
939 3321 1070 3390 Locroe,
1084 3339 1112 3391 1,
1129 3327 1202 3391 724,
1215 3320 1320 3376 frustra
1334 3341 1445 3377 raucas.

435 3415 626 3489 Pmavitaque
644 3426 702 3470 toto
715 3416 822 3470 Ram...
836 3413 912 3468 inari
923 3409 961 3490 (v.
978 3410 1036 3492 83).
1051 3415 1131 3470 Rura
1147 3432 1211 3487 que
1225 3413 1279 3469 sita
1298 3425 1365 3470 sunt
1383 3423 1445 3469 toto

393 3504 444 3561 illo
459 3515 553 3562 tractu
560 3505 703 3562 maritimo
711 3507 757 3561 vel
773 3505 857 3561 litore
873 3505 947 3561 circa
961 3504 1128 3562 Vesuvium.
1144 3506 1264 3561 Temere
1273 3505 1377 3562 Markl
1386 3505 1444 3560 haec

394 3615 451 3672 pro
466 3597 611 3671 cormptis
627 3597 737 3654 habuit.
1311 3659 1315 3666 .

435 3690 543 3746 Procul
555 3691 613 3744 rita
627 3691 697 3758 aeis,
723 3690 835 3761 Tffata,
855 3693 944 3747 Teate
956 3689 996 3770 (v.
1011 3687 1070 3766 85).
1093 3689 1139 3746 sic
1155 3687 1225 3744 olim
1238 3689 1319 3757 edd,
1336 3687 1447 3744 incom-

395 3781 490 3838 mode.
512 3782 605 3838 Codd.
630 3783 767 3838 lectiones
793 3783 818 3838 si
838 3783 974 3857 expedire
993 3782 1120 3852 studeas,
1142 3781 1201 3838 iere
1224 3779 1262 3836 ad
1282 3779 1446 3836 Marklandi

396 3875 590 3947 conjecturam
609 3873 735 3943 ducunt,
758 3893 844 3948 quam
858 3887 1003 3950 receptam
1018 3871 1169 3947 oportuit:
1185 3873 1311 3946 «procul
1324 3871 1377 3927 ista
1397 3871 1450 3924 tibi

395 3968 454 4023 siat
471 3965 544 4036 tata,
557 3967 645 4022 Teate
660 3985 666 4019 :
687 3989 700 4016 »
714 3983 778 4040 qur
792 3966 890 4023 civitas
911 3979 971 4023 erat
993 3963 1248 4033 Marrucinorum„
1258 3963 1321 4026 ulii¹
1334 3981 1449 4036 posses-

396 4061 490 4118 siones
503 4061 540 4116 ab
554 4079 609 4116 avo
620 4058 722 4115 habuit
740 4060 901 4116 Marcellus.
921 4061 995 4117 Vide
1009 4061 1066 4115 hoc
1076 4077 1112 4114 ex
1121 4057 1213 4114 Plinio
1221 4056 1450 4116 demonstrantes

398 4157 512 4212 Getart.
534 4163 561 4210 et
576 4153 679 4210 Marii.
