3172 5142
145 498 179 559 tv·
193 493 265 556 us.)
454 489 667 546 mnnmnos
690 490 799 546 unna
823 487 872 544 rx.
1143 481 1194 550 152

146 619 191 685 Ni
210 614 360 684 mortalis
379 639 461 709 ego,
478 627 512 682 et
532 614 593 684 tibi
611 613 729 692 duetus
747 613 790 684 ab
808 613 932 682 aethere
949 610 1123 704 sanguis.»

198 738 253 806 Sic
270 735 317 814 ait
336 732 549 820 infrendens,
566 750 602 808 et
622 747 742 827 sponte
760 732 948 801 furentibus
968 727 1067 800 undis

148 859 251 950 Signa
269 855 382 926 dedit:
398 856 500 925 mittit
520 853 648 948 gelidus
669 868 830 922 montana
846 851 1017 920 Cithaeron

151 973 302 1061 Auxilia,
319 976 540 1067 antiquasque
558 975 667 1060 nives,
688 986 721 1040 et
739 969 862 1066 pabula
881 970 1007 1039 brumae

150 1100 205 1164 lre
219 1094 311 1187 jubet
327 1120 334 1162 :
353 1093 456 1173 frater
474 1095 590 1162 tacitas
608 1095 738 1185 Asopos
756 1092 850 1160 eunti

152 1213 322 1304 Conciliat
337 1214 443 1301 vires,
462 1227 496 1282 et
513 1210 632 1280 hiulcis
653 1211 792 1280 flumina
809 1211 903 1279 venis

94 1397 97 1402 .
152 1337 334 1430 Suggerit:
354 1335 425 1428 ipse
442 1357 530 1402 oavae
545 1347 712 1403 scrutatur
732 1333 858 1401 viscera
875 1345 989 1416 terra,

153 1458 364 1549 Stagnaque,
382 1468 618 1548 torpentesque
638 1451 747 1540 lacus,
769 1455 946 1546 pigrasque
965 1450 1103 1546 paludes

153 1576 308 1659 Excutit,
327 1589 426 1668 atque
444 1572 559 1642 avidos
580 1571 699 1651 tollens
717 1572 761 1642 ad
779 1554 890 1641 sidera
905 1571 1017 1642 vultus

154 1700 338 1763 Humentes
360 1693 497 1762 nebulas
514 1693 689 1790 exhaurit,
710 1707 744 1763 et
763 1717 840 1774 aera
857 1695 968 1762 siccat.

156 1819 176 1883 J
179 1839 300 1908 amque
317 1839 417 1908 super
434 1815 525 1908 ripas
538 1829 684 1907 ¹utroque
702 1815 885 1882 exstantior
902 1813 974 1881 ibat

158 1940 309 2030 Aggere,
326 1936 396 2026 jam
419 1932 565 2003 medium
584 1933 686 2002 modo
701 1935 762 2025 qui
781 1947 996 2027 superaverat
1011 1956 1142 2004 amnem

159 2055 396 2150 Hippomedon
415 2057 560 2124 intactus
577 2056 672 2148 aquis
694 2055 918 2147 humerosque
937 2078 1140 2148 manusque,

158 2178 304 2244 Miratur
319 2175 460 2244 crevisse
478 2173 619 2261 vadum,
639 2198 774 2267 seseque
792 2176 967 2244 minorem.

159 2298 247 2365 Hinc
266 2311 366 2389 atque
383 2295 462 2363 binc
482 2295 600 2364 tumidi
618 2293 753 2380 fluctus,
773 2296 990 2386 animosaque
1009 2296 1117 2390 surgit

157 2419 349 2509 Tempestas
369 2417 473 2483 instar
488 2413 614 2510 pelagi,
634 2440 738 2508 quum
756 2412 906 2484 Pleiadas
924 2413 1053 2501 haurit,

76 2559 80 2566 ·
160 2537 230 2604 Aut
248 2535 381 2629 nigrum
395 2534 533 2628 trepidis
549 2536 705 2629 impingit
721 2537 850 2604 Oriona
867 2537 987 2604 nautis.

211 2657 289 2724 Nou
307 2678 402 2723 secus
419 2678 574 2747 aequoreo
589 2655 694 2746 jactat
710 2647 928 2725 Tbeumesius
946 2658 1053 2726 amnis

162 2773 431 2868 Hippomedonta
451 2771 537 2862 salo,
554 2799 747 2869 semperque
766 2776 910 2846 umbone
927 2778 1062 2846 sinistro

161 2892 321 2982 Tollitur,
342 2908 375 2962 et
391 2892 547 2990 clypeum
564 2895 717 2989 nigrante
732 2899 923 2990 supervenit
938 2912 1019 2966 aestu

162 3017 327 3108 Spumeus
344 3013 524 3102 assultans,
545 3015 714 3108 fractaque
729 3016 917 3085 refunditur
935 3016 1025 3087 unda

163 3137 208 3203 lit
225 3132 360 3203 cumulo
377 3136 503 3227 majore
522 3136 628 3204 redit:
648 3161 708 3205 nec
728 3135 816 3206 mole
831 3136 971 3229 liquenti

164 3255 364 3340 Contentus,
383 3259 491 3350 carpit
509 3271 621 3348 putres
638 3258 807 3354 serrantia
827 3258 916 3351 ripas

167 3373 331 3458 Arbusta,
350 3399 558 3468 annosasque
576 3377 705 3464 trabes,
723 3377 893 3469 ejectaque
911 3375 1016 3445 fundo

167 3495 255 3562 Saxa
273 3509 382 3562 rotat:
399 3509 465 3563 stat
480 3520 594 3590 pugna
613 3499 732 3591 impar,
748 3499 923 3590 amnisque
940 3499 1089 3591 virique,
1198 3527 1206 3534 ·

166 3612 367 3705 Indignante
382 3617 454 3683 Deo
471 3641 478 3681 :
501 3641 561 3684 nec
581 3618 669 3685 enim
688 3615 747 3684 dat
763 3631 877 3712 terga,
894 3643 956 3686 neo
974 3616 1050 3686 ullis

166 3735 346 3827 Frangitur
366 3732 422 3801 ille
439 3737 555 3823 minis,
567 3738 814 3830 venientesque
831 3737 952 3805 obvius
970 3737 1077 3811 undas

166 3857 292 3940 latrat,
313 3867 347 3922 et
364 3853 496 3946 objecta
515 3854 811 3949 dispellitilumiua
828 3881 955 3949 parma.

167 3976 264 4040 Stant
282 3986 370 4040 terra
388 3972 694 4068 fugientegradus3
711 3989 744 4043 et
757 3974 883 4070 poplite
901 3992 994 4045 tenso

168 4093 315 4160 Lubrica
333 4117 411 4160 saxa
430 4109 566 4182 natant,
583 4095 789 4188 genibusque
805 4096 968 4185 obnixus,
986 4111 1019 4166 et
1039 4098 1167 4167 hoereus
