3080 5136
390 562 445 618 292
681 541 935 600 ACHILLEIDOS
956 543 1071 598 LIBER
1092 543 1128 598 11.
1334 545 1370 604 (r.
1385 549 1450 610 ¹92}

389 671 447 746 Nil
465 674 538 742 ausi
556 674 766 759 meminisse,
787 686 911 766 pavent
929 697 937 739 :
958 672 1005 740 sic
1023 674 1136 740 omnia
1155 673 1230 740 visu

389 799 541 864 Mutatus
559 792 675 880 rediit,
695 818 773 878 ceu,
793 817 970 886 nunquam
990 795 1106 886 Scyria
1125 817 1245 887 passus

389 918 528 1004 Litora,
547 913 680 985 Peliaco
695 928 812 1008 raptus
829 913 1012 984 descendat
1029 915 1070 982 ab
1088 929 1196 984 antro.

439 1042 536 1107 Tunc
554 1062 595 1106 ex
615 1062 709 1108 more
727 1039 828 1125 Deis,
847 1037 894 1105 ita
913 1060 1058 1130 namque
1077 1036 1237 1104 monebat
1252 1035 1397 1124 Ulixes,

366 1163 370 1170 ’
391 1163 587 1256 AEquoreis,
603 1161 803 1253 Austrisque
822 1157 915 1247 litat,
933 1157 1109 1253 fluctuque
1128 1157 1189 1227 sub
1207 1160 1285 1254 ipso

390 1281 583 1354 Caeruleum
602 1305 718 1376 regem
738 1295 838 1350 tauro
855 1294 1046 1367 veneratur,
1063 1303 1232 1372 avumque

391 1408 505 1475 Nerea
525 1430 533 1474 ε
554 1404 671 1472 vittata
692 1403 838 1497 genitrix
857 1399 987 1495 placata
1003 1402 1149 1494 juvenca
1167 1415 1229 1470 est„

315 1553 318 1560 ·
391 1527 456 1594 Hic
474 1538 653 1620 spumante
671 1522 742 1593 salo
756 1525 885 1616 jaciens
903 1521 1033 1591 tumida
1048 1536 1125 1591 exta
1141 1521 1299 1616 profatur
1317 1549 1329 1590 :

393 1678 409 1712 a
420 1648 617 1729 Paruimus,
629 1643 998 1740 genitrix,quanquam
1008 1643 1100 1713 haud
1111 1641 1287 1712 toleranda
1297 1643 1455 1737 jubebas,

391 1769 569 1837 Paruimus
587 1766 748 1836 nimium:
763 1763 851 1834 bella
871 1762 914 1832 ad
931 1766 1079 1858 Trojana
1096 1779 1252 1859 ratesque

390 1887 565 1984 Argolicas
580 1888 739 1981 quaesitus
757 1910 809 1955 eo.
827 1915 844 1950 o
862 1887 918 1955 Sic
934 1912 1048 1976 orsus,
1068 1902 1102 1957 et
1122 1886 1201 1957 alno

394 2007 543 2098 Insiluit,
565 2010 768 2104 penitusque
785 2011 879 2079 Noto
900 2008 1062 2079 stridente
1083 2011 1285 2104 propinquis

394 2131 571 2224 Abripitur
588 2131 686 2199 terris
706 2154 715 2197 ε
733 2131 871 2224 jamque
890 2129 996 2198 ardua
1012 2155 1160 2199 crescere
1180 2129 1290 2199 nubes

394 2255 534 2349 Incipit,
554 2267 588 2321 et
605 2254 727 2346 Scyros
747 2250 848 2346 longe
866 2253 1059 2323 decrescere
1075 2269 1193 2349 ponto.

446 2379 554 2445 Turre
571 2370 690 2468 procul
707 2398 854 2461 summa,
868 2372 1026 2469 lacrymis
1039 2377 1198 2446 comitata
1216 2399 1396 2458 sororum,

397 2495 664 2588 Confessumque
682 2509 816 2576 tenens,
833 2510 866 2563 et
883 2494 1064 2565 habentem
1084 2498 1222 2565 nomina
1239 2497 1433 2590 Pyrrham,

394 2615 566 2688 Pendebat
588 2615 729 2709 conjux,
747 2615 921 2710 oculisque
943 2618 979 2686 in
996 2619 1134 2686 carbasa
1149 2617 1224 2688 lixis

395 2739 490 2826 Ibat,
504 2751 539 2807 et
556 2738 629 2832 ipsa
644 2735 769 2810 fretum
784 2751 818 2806 et
837 2762 984 2832 puppem
997 2739 1069 2831 jam
1086 2737 1157 2807 sola
1174 2737 1325 2807 videbat.

395 2857 457 2929 Ille
471 2883 606 2952 quoque
622 2855 777 2952 obliquos
791 2855 914 2926 dilecta
929 2858 973 2926 ad
988 2860 1110 2928 moenia
1127 2857 1239 2928 vultus

396 2979 573 3068 Declinat,
595 2978 800 3072 viduamque
818 2978 974 3065 domum,
995 2981 1206 3075 gemitusque
1223 2979 1357 3049 relictae

396 3103 561 3195 Cogitat:
583 3099 736 3169 occultus
757 3100 941 3170 subcorde
961 3103 1148 3171 renascitur
1168 3101 1284 3192 ardor,

396 3226 532 3315 Datque
548 3219 662 3291 locum
679 3223 787 3291 virtus
804 3249 812 3290 :
831 3224 933 3292 sensit
951 3224 1105 3292 Laertius
1124 3222 1224 3292 heros

397 3347 615 3428 Maerentem,
631 3357 666 3411 et
686 3341 826 3437 placidis
845 3369 1021 3438 aggressus
1041 3343 1173 3414 flectere
1190 3344 1319 3414 dictis:

397 3467 537 3552 «Tene,
555 3465 682 3556 inquit,
700 3471 1002 3560 magnae'vastator
1022 3465 1134 3538 debite
1150 3467 1276 3559 Trojae,

397 3586 509 3674 Quem
530 3588 656 3655 Danaae
676 3585 816 3675 classes,
836 3612 935 3682 quem
955 3591 1080 3658 Divum
1097 3586 1235 3658 oracula
1254 3605 1425 3683 poscunt,

396 3711 625 3802 Erectumque
641 3722 751 3776 manet
769 3723 916 3777 reserato
935 3706 1052 3778 limine
1067 3707 1211 3796 bellum,

397 3826 528 3900 Callida
549 3827 693 3899 femineo
712 3831 857 3924 genitrix
874 3829 996 3898 velavit
1014 3829 1163 3901 amictu?

397 3951 642 4044 Cornmisitque
660 3948 737 4020 ullis
753 3966 822 4020 tam
837 3951 977 4045 grandia
995 3951 1085 4022 furta
1101 3935 1272 4022 latebris?
1293 3959 1297 3965 '

397 4071 620 4165 Speravitque
634 4071 760 4141 fidem?
777 4073 876 4143 nimis
896 4098 917 4142 o
934 4097 1109 4168 suspensa,
1132 4051 1308 4167 nimisque¹

398 4189 527 4261 Mater!
545 4217 587 4262 an
604 4191 674 4263 haec
692 4193 799 4264 virtus
820 4195 921 4264 tacita
936 4209 1086 4290 torperet
1104 4196 1138 4265 in
1157 4194 1293 4283 umbra,
1406 4225 1410 4230 ·
