3156 5138
382 389 438 446 136
737 393 766 446 P.
791 390 913 446 rtrum
935 389 1058 445 srsru
1331 397 1364 450 (c.
1379 394 1440 449 ⁵⁰·)

381 520 605 603 Autumnum,
622 529 655 583 et
669 515 754 584 caris
774 514 897 610 gaudet
913 513 1067 582 redimita
1081 515 1229 583 racemis.

428 633 625 704 Laudentur
645 635 794 730 proavis,
815 658 873 702 seu
893 632 1042 727 pulchre
1062 657 1201 702 munere
1217 632 1352 719 formae,

379 753 465 843 Quae
484 778 617 822 morum
635 778 773 824 caruere
793 754 905 842 bonis,
925 752 1073 846 falsaque
1094 768 1248 848 potentes

379 871 505 940 Laudis
524 887 624 967 egent
640 898 726 944 veras
743 899 751 941 :
769 874 846 963 tibi,
864 898 1056 968 quanquam
1073 887 1107 943 et
1122 853 1218 968 origo
1237 877 1358 944 niteret

381 994 425 1061 Et
443 990 522 1062 felix
543 995 683 1088 species,
705 992 915 1088 multumque
936 993 1087 1088 optanda
1103 995 1252 1082 maritis,

378 1114 431 1182 Ex
453 1127 485 1182 te
505 1114 613 1208 major
632 1114 757 1202 honos,
778 1137 884 1182 unum
905 1112 1181 1201 novisse'cubile,

379 1233 496 1302 Unum
516 1235 651 1303 secretis
670 1235 795 1328 agitare
815 1233 876 1302 sub
896 1233 1026 1302 ossibus
1045 1235 1168 1329 ignem.

379 1350 481 1422 Illum
502 1377 565 1423 nec
585 1354 750 1449 Phrygius
769 1353 919 1424 vitiasset
938 1368 1054 1450 raptor
1073 1359 1238 1444 amorem,

379 1472 571 1544 Dulichiive
588 1475 700 1570 proci;
717 1499 779 1544 nec
795 1475 855 1568 qui
872 1475 1038 1546 fraternus
1056 1474 1189 1546 adulter

380 1597 479 1664 Ceste
494 1597 666 1689 Mycenaeo
683 1594 853 1676 connubia
868 1593 991 1690 polluit
1006 1620 1099 1669 auro.

379 1715 415 1783 Si
430 1713 609 1808 Babylonis
626 1740 722 1810 opes,
741 1714 842 1809 Lydae
857 1715 885 1784 si
902 1715 1052 1812 pondera
1069 1741 1174 1812 gaza),

380 1833 612 1930 ludorumque
628 1833 724 1905 dares
740 1837 926 1930 Serumque
940 1837 1155 1932 Arabumque
1170 1850 1324 1932 potentes

379 1955 540 2040 Divitias,
562 1953 676 2026 mallet
693 1981 772 2028 cum
788 1970 984 2053 paupertate
1000 1956 1125 2060 pudica

380 2077 583 2145 Intemerata
604 2077 704 2166 mori,
724 2079 896 2172 vitamque
914 2077 1097 2172 rependere
1117 2078 1222 2149 famae.

380 2195 451 2267 Nec
467 2197 560 2267 frons
576 2199 670 2267 triste
686 2199 813 2293 rigens,
830 2198 1019 2291 nimiusque
1035 2200 1069 2268 in
1082 2197 1231 2268 moribus
1244 2199 1383 2283 borror3

382 2315 448 2387 Sed
468 2315 625 2411 simplex,
644 2317 827 2411 hilarisque
846 2316 943 2406 fides,
961 2331 994 2388 et
1013 2318 1118 2388 mixta
1135 2317 1257 2412 pudori

381 2438 500 2509 Gratia
521 2462 530 2505 ε
550 2437 690 2532 quodsi
710 2462 834 2531 anceps
853 2452 963 2508 metus
982 2437 1025 2508 ad
1045 2439 1172 2532 majora
1191 2451 1358 2524 vocasset,

380 2555 443 2627 Illa
458 2554 510 2626 vel
530 2556 703 2630 armiferas
720 2583 783 2653 pro
799 2558 941 2653 conjuge
958 2554 1031 2630 laeta
1048 2572 1214 2648 catervas,

380 2675 638 2772 Fulmineosque
654 2678 762 2773 ignes,
779 2657 947 2771 mediique
963 2675 1113 2772 pericula
1130 2678 1255 2771 ponti„

380 2799 558 2892 Exciperet
577 2824 585 2866 :
604 2795 739 2886 melius,
756 2796 848 2892 quod
865 2823 933 2866 non
953 2781 1091 2867 adversa
1112 2798 1316 2891 probarunt,

382 2921 468 3008 Quae
485 2919 544 2986 tibi
560 2943 640 2987 curn
656 2919 738 3008 tori,
754 2932 902 3012 quantus
920 2942 982 3015 pro
1001 2918 1144 3012 conjuge
1163 2915 1280 3011 pallor.

381 3037 447 3107 Sed
466 3035 605 3106 meliore
624 3038 679 3107 vie
699 3037 833 3108 dextros
851 3050 910 3107 tua
928 3039 1142 3128 votamarito

381 3157 598 3227 Promeruerc
618 3160 724 3242 Deos3
741 3154 822 3226 dum
844 3172 941 3226 nocte
959 3155 1079 3250 dieque
1098 3156 1216 3252 fatigas

380 3279 545 3364 Numina,
567 3276 646 3350 dum
666 3278 797 3348 cunctis
817 3274 958 3371 supplex
979 3275 1168 3349 advolveris
1186 3277 1268 3363 aris,

381 3402 424 3468 Et
437 3399 552 3467 mitem
569 3399 705 3493 genium
724 3396 853 3466 domini
871 3399 1044 3490 praesentis
1062 3396 1193 3466 adoras.

429 3517 554 3593 Audita
572 3543 621 3604 es;
639 3517 798 3610 venitque
816 3515 922 3610 gradu
933 3508 1080 3586 Fortuna
1099 3517 1258 3610 benigno.

380 3637 475 3708 Vidit
491 3639 617 3731 quippe
633 3637 679 3734 pii
694 3637 828 3730 juvenis
845 3659 1032 3728 navamque
1048 3628 1211 3729 quietern,

379 3761 609 3850 Intactamquc
626 3755 742 3842 fidem,
762 3755 1000 3848 succinctaque
1017 3768 1154 3854 pectora
1170 3754 1274 3846 curis,

379 3881 425 3947 Et
446 3874 562 3970 vigiles
582 3899 710 3963 seusus,
730 3890 764 3943 et
783 3873 886 3970 digna
905 3873 1058 3944 evolvere
1079 3889 1188 3945 tantas

381 3998 500 4066 Sobria
518 3994 620 4066 corda
640 3998 744 4082 vices3
765 3996 864 4086 vidit,
882 3997 940 4088 qui
962 4011 1084 4064 cuncta
1105 4018 1246 4065 suorum
