3080 5136
407 511 462 568 3²2
779 513 1077 571 ADNOTATIONES

446 626 655 684 rhodomo
670 640 825 702 sequantur
837 626 875 707 (ι.
892 628 971 708 365).
988 633 1042 686 ΜΒ
1058 650 1065 685 ι
1084 633 1243 706 loquantur.
1259 635 1340 688 Ante
1354 634 1396 688 ad
1408 655 1456 690 su-

405 721 492 776 bitam
511 720 599 776 Lacr.
615 738 623 774 ι
638 717 846 794 «inopinanter
860 721 914 777 illis
926 725 1145 796 prepositum.»

389 827 392 832 '
444 812 587 888 ll't'gmqae
604 813 682 868 atros
699 813 799 868 invitat
817 814 895 870 Iltirta
916 813 956 891 (ι.
973 813 1053 893 378).
1076 815 1202 890 corrigit
1226 815 1404 872 Wakefield
1422 819 1457 872 ad

402 904 468 964 Eur.
483 907 567 972 Aa,
582 902 640 961 855
657 924 664 962 ι
681 905 934 986 ιίιινειιίταηιὲσιιι
948 905 1046 984 (codd.
1061 907 1195 983 quidam,
1211 907 1350 983 αιιιίαιι),
1365 933 1379 960 ι
1393 911 1454 964 wll.

404 1017 460 1068 ru,
480 997 552 1068 416,
563 997 600 1054 de
615 993 718 1068 nocte,
733 997 905 1074 «nigroque
913 1001 1002 1074 polos
1015 1001 1127 1056 involuti
1138 1003 1280 1057 ainictu„

442 1099 543 1164 Angue
555 1101 638 1146 notat
648 1087 687 1170 (v.
708 1087 788 1167 381).
806 1091 923 1148 Barthio
945 1103 973 1148 et
986 1093 1090 1148 Markl.
1105 1095 1147 1148 ad
1160 1095 1244 1160 Sita,
1261 1115 1308 1164 ιι,
1331 1115 1361 1166 ι,
1388 1097 1458 1161 ι38,

402 1182 568 1239 auctoribus
580 1183 643 1259 lege
663 1201 699 1240 ex
717 1185 772 1238 ΜΒ
792 1203 799 1238 :
815 1191 1066 1260 «augmentat»

440 1275 618 1351 Animosque
635 1272 674 1354 (v.
686 1273 764 1354 388).
780 1276 914 1350 Speciosa
925 1288 968 1332 est
977 1277 1084 1334 Barthii
1097 1273 1266 1349 conjectum
1279 1300 1288 1333 :
1305 1305 1319 1330 ι
1330 1280 1457 1338 hrtimis-

402 1389 460 1446 que
473 1389 501 1426 u.
517 1371 558 1428 th.
573 1370 682 1428 anhelis
704 1381 826 1427 conatur
841 1369 916 1448 (ira).
928 1395 943 1422 a
957 1371 1079 1428 Animus
1092 1371 1257 1448 agitationis
1276 1375 1457 1432 vehementia

401 1463 477 1536 ipsos
492 1463 623 1520 thoracas
641 1461 761 1536 impellit
775 1474 803 1518 et
817 1481 1003 1538 perrumpere
1019 1465 1152 1520 minatur.

444 1555 571 1630 Corpora
584 1574 634 1611 ceu
649 1557 686 1632 (v.
703 1553 783 1634 392).
799 1558 854 1615 ΜΒ
870 1577 877 1612 :
900 1557 956 1613 «C.
974 1576 1027 1614 ceu
1041 1557 1122 1612 mixti
1136 1557 1329 1614 dominorum
1343 1553 1457 1634 inique

400 1659 568 1722 sequentum
582 1649 667 1704 lud..

443 1741 701 1814 Suspiriafirmnnt
715 1737 754 1820 (v.
772 1737 852 1820 400).
875 1743 979 1799 Nescio
999 1762 1056 1818 qua
1075 1763 1158 1800 causa
1180 1745 1361 1801 recentiores
1384 1745 1454 1800 hanc

400 1834 554 1890 lectionem
567 1834 740 1908 receperint,
754 1835 848 1905 unde,
863 1835 886 1891 si
900 1838 1001 1904 ullam,
1023 1836 1138 1892 nonnisi
1156 1837 1342 1893 durissimam
1361 1849 1456 1894 extor-

401 1946 490 2002 queas
503 1927 680 1983 sententiam.
702 1929 799 1996 Lact,
814 1930 869 1985 ΜΒ
883 1939 912 1984 et
931 1928 1049 2003 plurimi
1069 1931 1104 1986 al.
1126 1929 1192 1986 libri
1210 1949 1278 1985 cum
1302 1933 1376 2008 tteg.
1400 1951 1410 1986 ι
1432 1943 1456 1984 et

400 2020 466 2076 edd.
480 2031 548 2076 vett.
564 2040 571 2074 :
587 2019 738 2094 «suspiria
748 2019 886 2091 sumant,
902 2045 917 2073 a
938 2022 1020 2097 quod
1035 2041 1142 2078 verum.

442 2114 504 2168 Non
519 2133 576 2168 una
590 2125 677 2168 morte
697 2110 735 2190 (ι.
753 2110 832 2192 4ι8).
850 2139 861 2162 ιι
874 2114 949 2184 Quia
964 2125 992 2170 et
1006 2115 1084 2172 t'erro
1098 2115 1242 2190 perimant
1257 2127 1287 2172 et
1302 2135 1419 2174 veneno
1444 2143 1454 2164 υ

400 2206 487 2272 Lacr.
503 2207 558 2262 ΜΒ
572 2215 601 2260 et
615 2222 632 2260 a
647 2205 760 2259 Behott.
782 2225 788 2259 :
810 2228 824 2256 α
835 2207 931 2261 unalia
945 2227 1010 2263 ιιι.»

440 2298 628 2374 progrediens
645 2299 682 2372 [v.
698 2295 777 2374 444).
796 2300 850 2353 ΜΒ
865 2308 893 2355 ct
909 2299 996 2356 ceteri
1010 2301 1105 2356 Barth.
1128 2320 1135 2356 :
1150 2302 1360 2375 praegrediens.

444 2391 573 2447 Guttur...
592 2409 716 2446 cmorem
736 2387 774 2467 (v.
792 2389 870 2468 447).
891 2391 976 2450 Hunc
989 2411 1105 2448 versum
1118 2411 1154 2448 ex
1172 2411 1233 2448 uno
1253 2393 1357 2449 codiee
1376 2394 1451 2450 Guil.

399 2483 513 2538 Canteri
533 2494 679 2556 receptum
697 2483 800 2538 merito
823 2482 934 2540 dudum
951 2485 1098 2541 damnavit
1113 2486 1208 2542 Barth.
1222 2485 1452 2560 ejiciendumqne

399 2573 519 2632 monuit.
540 2575 650 2632 Similes
675 2576 751 2631 lusus
773 2573 999 2636 versificatorum
1022 2597 1038 2634 e
1058 2577 1143 2634 codd.
1164 2577 1300 2634 Parisiuis
1325 2579 1405 2635 edidi
1425 2581 1450 2633 in

401 2669 532 2741 Eputola
550 2669 593 2722 ad
602 2667 752 2736 Beckt'um,
765 2669 796 2724 in
806 2669 867 2741 ejus
882 2670 946 2726 diss.
956 2672 993 2726 de
1010 2673 1105 2738 Ome,
1120 2670 1246 2740 Erfitrti,
1265 2671 1342 2729 1833
1355 2693 1362 2726 :
1373 2693 1449 2746 quo—

401 2780 464 2816 rum
477 2761 551 2816 duos
566 2771 721 2834 occupatos
736 2761 797 2816 vidi
818 2781 833 2818 a
852 2765 958 2839 Georg.
983 2762 1136 2832 Fabricio,
1157 2765 1369 2838 Antiquitatum
1379 2765 1448 2819 'lihti

402 2873 455 2924 ιιι,
470 2853 571 2924 hasil,
591 2853 673 2928 1549,
686 2872 716 2927 p.
737 2854 791 2921 161,
808 2874 862 2929 sq,
875 2867 904 2910 ct
917 2875 934 2911 a
948 2857 1054 2912 Ferret.
1063 2897 1072 2925 ,
1087 2856 1163 2910 Mas.
1179 2858 1328 2932 lapidae,
1345 2877 1372 2930 p.
1394 2877 1442 2912 ur

400 2945 432 3025 (a.
447 2949 570 3016 Donat,
584 2949 676 3022 suppl.
697 2948 820 3014 Manat,
835 2967 863 3021 p.
881 2947 947 3020 433,
963 2947 1000 3025 t).
1016 2949 1059 3006 Cf.
1076 2967 1124 3020 rx,
1146 2948 1203 3020 764
1219 2969 1283 3024 sqq.

443 3041 511 3096 Uter
530 3060 598 3095 ama
612 3039 651 3116 (v.
669 3040 726 3106 463
746 3038 810 3118 sq.).
835 3043 923 3097 Recte
939 3042 1082 3097 Wehcrus
1097 3041 1221 3097 restitnit
1239 3053 1372 3098 veterum
1394 3043 1448 3097 ati-

401 3143 474 3206 quot
492 3132 557 3188 edd.
574 3132 786 3188 distinctionem
809 3153 814 3186 :
837 3157 849 3181 α
912 3133 993 3190 tollat
1014 3134 1120 3204 Altius,
1139 3144 1188 3189 aut
1210 3145 1329 3208 superet
1348 3145 1448 3208 ponas

333 3225 334 3230 ’
400 3221 515 3301 (altius)⁴
529 3248 541 3272 ι

441 3319 555 3392 Magno
572 3337 653 3391 quem
669 3317 795 3372 cominus
809 3319 866 3374 ictu
879 3315 919 3398 (v.
935 3318 1014 3394 469).
1030 3317 1047 3373 3
1063 3315 1149 3372 codd.
1165 3337 1172 3370 ε
1187 3329 1266 3374 actu.

322 3479 325 3487 Ι
445 3415 514 3486 igne
527 3409 564 3485 (v.
581 3408 659 3486 474).
679 3409 726 3466 ste
747 3409 913 3487 distingue:
933 3415 1026 3487 «Igne
1041 3421 1102 3480 tuo,
1116 3410 1185 3477 Th,
1205 3429 1307 3486 rogum
1329 3411 1446 3487 (conce-

402 3501 507 3581 dimus)
522 3503 599 3560 arde.
610 3525 625 3554 a
1280 3515 1286 3524 ·

364 3603 366 3609 '
446 3597 571 3672 Vagae...
585 3597 701 3670 sanguis
720 3594 759 3675 (v.
778 3597 833 3664 ter
851 3596 915 3675 sq).
933 3596 1053 3653 uCadea
1068 3593 1240 3668 promiscua.
1252 3617 1268 3644 a
1284 3595 1387 3652 Ganos.

441 3687 669 3761 Dun'sfamulus
681 3708 767 3762 quam
782 3687 822 3767 (v.
838 3689 915 3766 512).
931 3692 1019 3746 Recte
1039 3690 1091 3743 ΜΒ
1105 3707 1114 3742 t
1130 3687 1278 3743 uiamulus
1292 3687 1385 3746 duria
1398 3713 1411 3740 ι

441 3781 530 3837 Sentit
544 3779 583 3859 (v.
599 3777 677 3858 διο).
692 3783 748 3837 ΜΒ
763 3802 770 3836 ι
785 3785 873 3838 sensit
880 3803 891 3850 ;
906 3793 935 3838 et
948 3795 1044 3838 tutans
1052 3821 1061 3847 ,
1077 3798 1132 3853 pro
1147 3791 1229 3835 mtnt.

442 3877 476 3930 In
494 3877 569 3930 latus
592 3875 651 3932 iras
664 3875 786 3949 Frangit
805 3872 843 3952 (v.
865 3873 944 3954 535).
960 3873 1114 3948 nOhliquo
1129 3891 1239 3928 secessu
1262 3873 1333 3928 vitat
1348 3892 1447 3948 perse-

402 3978 548 4042 quentem.
566 3991 578 4018 »
595 3969 695 4024 Gnoaa

445 4061 580 4116 Gaurum
595 4061 632 4116 de
649 4073 741 4117 mom
754 4058 793 4140 (r.
816 4057 895 4139 546).
917 4063 1051 4118 «Gaurus
1067 4049 1151 4114 mona
1171 4059 1352 4132 Campania,
1368 4059 1450 4114 nimis

402 4151 565 4228 vitibusque
581 4162 740 4210 contextus.
756 4179 768 4205 ι
784 4156 872 4212 Lacr.
