<?xml version="1.0" encoding="UTF-8"?>
<!DOCTYPE html PUBLIC "-//W3C//DTD XHTML 1.0 Transitional//EN"
    "http://www.w3.org/TR/xhtml1/DTD/xhtml1-transitional.dtd">
<html xmlns="http://www.w3.org/1999/xhtml" xml:lang="en" lang="en">
 <head>
  <title>
</title>
<meta http-equiv="Content-Type" content="text/html;charset=utf-8" />
  <meta name='ocr-system' content='tesseract 3.04.00' />
  <meta name='ocr-capabilities' content='ocr_page ocr_carea ocr_par ocr_line ocrx_word'/>
</head>
<body>
  <div class='ocr_page' id='page_1' title='image "./operaquaeextant00dbgoog_0029.png"; bbox 0 0 3192 5148; ppageno 0'>
   <div class='ocr_carea' id='block_1_1' title="bbox 393 473 1258 563">
    <p class='ocr_par' dir='ltr' id='par_1_1' title="bbox 393 473 1258 563">
     <span class='ocr_line' id='line_1_1' title="bbox 393 473 1258 563; baseline -0.001 -18"><span class='ocrx_word' id='word_1_1' title='bbox 393 489 440 563; x_wconf 68' lang='lat' dir='ltr'>xvj</span> <span class='ocrx_word' id='word_1_2' title='bbox 497 519 500 528; x_wconf 78' lang='lat'>,</span> <span class='ocrx_word' id='word_1_3' title='bbox 581 473 642 546; x_wconf 81' lang='lat' dir='ltr'>&#39;on</span> <span class='ocrx_word' id='word_1_4' title='bbox 661 491 691 545; x_wconf 83' lang='lat' dir='ltr'>r.</span> <span class='ocrx_word' id='word_1_5' title='bbox 711 492 742 545; x_wconf 79' lang='lat' dir='ltr'>r.</span> <span class='ocrx_word' id='word_1_6' title='bbox 761 490 897 547; x_wconf 80' lang='lat' dir='ltr'>srsrro</span> <span class='ocrx_word' id='word_1_7' title='bbox 919 489 1090 544; x_wconf 76' lang='lat' dir='ltr'>nonan.</span> <span class='ocrx_word' id='word_1_8' title='bbox 1111 490 1258 544; x_wconf 76' lang='lat' dir='ltr'>u&#39;rrsn.</span> 
     </span>
    </p>
   </div>
   <div class='ocr_carea' id='block_1_2' title="bbox 337 603 1450 3012">
    <p class='ocr_par' dir='ltr' id='par_1_2' title="bbox 342 603 1448 1514">
     <span class='ocr_line' id='line_1_2' title="bbox 392 603 1446 682; baseline 0 -22"><span class='ocrx_word' id='word_1_9' title='bbox 392 625 462 662; x_wconf 89' lang='lat' dir='ltr'>rem.</span> <span class='ocrx_word' id='word_1_10' title='bbox 484 608 632 679; x_wconf 80' lang='lat' dir='ltr'><strong>Reputans</strong></span> <span class='ocrx_word' id='word_1_11' title='bbox 654 605 744 681; x_wconf 83' lang='lat' dir='ltr'>igitur</span> <span class='ocrx_word' id='word_1_12' title='bbox 763 605 821 682; x_wconf 82' lang='lat' dir='ltr'>legi</span> <span class='ocrx_word' id='word_1_13' title='bbox 834 624 895 661; x_wconf 91' lang='lat' dir='ltr'>non</span> <span class='ocrx_word' id='word_1_14' title='bbox 916 606 1008 662; x_wconf 88' lang='lat' dir='ltr'>solere</span> <span class='ocrx_word' id='word_1_15' title='bbox 1024 604 1149 660; x_wconf 81' lang='lat' dir='ltr'>Statium</span> <span class='ocrx_word' id='word_1_16' title='bbox 1161 603 1217 660; x_wconf 89' lang='lat' dir='ltr'>nisi</span> <span class='ocrx_word' id='word_1_17' title='bbox 1240 605 1276 660; x_wconf 92' lang='lat' dir='ltr'>ab</span> <span class='ocrx_word' id='word_1_18' title='bbox 1297 603 1332 662; x_wconf 90' lang='lat' dir='ltr'>iis</span> <span class='ocrx_word' id='word_1_19' title='bbox 1349 605 1400 680; x_wconf 92' lang='lat' dir='ltr'>qui</span> <span class='ocrx_word' id='word_1_20' title='bbox 1419 616 1446 662; x_wconf 92' lang='lat' dir='ltr'>et</span> 
     </span>
     <span class='ocr_line' id='line_1_3' title="bbox 392 696 1444 773; baseline 0.002 -21"><span class='ocrx_word' id='word_1_21' title='bbox 392 699 496 773; x_wconf 82' lang='lat' dir='ltr'>linguae</span> <span class='ocrx_word' id='word_1_22' title='bbox 509 696 618 769; x_wconf 82' lang='lat' dir='ltr'>latinae,</span> <span class='ocrx_word' id='word_1_23' title='bbox 632 709 662 754; x_wconf 88' lang='lat' dir='ltr'>et</span> <span class='ocrx_word' id='word_1_24' title='bbox 675 697 896 772; x_wconf 88' lang='lat' dir='ltr'>antiquitatum,</span> <span class='ocrx_word' id='word_1_25' title='bbox 911 707 940 754; x_wconf 92' lang='lat' dir='ltr'>et</span> <span class='ocrx_word' id='word_1_26' title='bbox 951 697 1136 773; x_wconf 75' lang='lat' dir='ltr'>mythologice</span> <span class='ocrx_word' id='word_1_27' title='bbox 1150 697 1246 771; x_wconf 90' lang='lat' dir='ltr'>probe</span> <span class='ocrx_word' id='word_1_28' title='bbox 1254 709 1347 755; x_wconf 89' lang='lat' dir='ltr'>essent</span> <span class='ocrx_word' id='word_1_29' title='bbox 1355 699 1444 754; x_wconf 87' lang='lat' dir='ltr'>scien-</span> 
     </span>
     <span class='ocr_line' id='line_1_4' title="bbox 392 789 1443 866; baseline 0 -20"><span class='ocrx_word' id='word_1_30' title='bbox 392 801 434 846; x_wconf 87' lang='lat' dir='ltr'>tes</span> <span class='ocrx_word' id='word_1_31' title='bbox 449 789 677 866; x_wconf 84' lang='lat' dir='ltr'>eruditionisque</span> <span class='ocrx_word' id='word_1_32' title='bbox 699 791 819 847; x_wconf 80' lang='lat' dir='ltr'>classicae</span> <span class='ocrx_word' id='word_1_33' title='bbox 836 791 1000 847; x_wconf 89' lang='lat' dir='ltr'>rudimenta</span> <span class='ocrx_word' id='word_1_34' title='bbox 1020 789 1195 865; x_wconf 73' lang='lat' dir='ltr'>posuissent,</span> <span class='ocrx_word' id='word_1_35' title='bbox 1212 809 1246 847; x_wconf 87' lang='lat' dir='ltr'>ea</span> <span class='ocrx_word' id='word_1_36' title='bbox 1265 791 1443 848; x_wconf 82' lang='lat' dir='ltr'>solummodo</span> 
     </span>
     <span class='ocr_line' id='line_1_5' title="bbox 374 882 1445 958; baseline 0.002 -21"><span class='ocrx_word' id='word_1_37' title='bbox 374 885 438 939; x_wconf 81' lang='lat' dir='ltr'>.vel</span> <span class='ocrx_word' id='word_1_38' title='bbox 459 882 582 938; x_wconf 88' lang='lat' dir='ltr'>aliorum</span> <span class='ocrx_word' id='word_1_39' title='bbox 603 883 700 939; x_wconf 80' lang='lat' dir='ltr'>verbis</span> <span class='ocrx_word' id='word_1_40' title='bbox 719 884 766 939; x_wconf 78' lang='lat' dir='ltr'>rel</span> <span class='ocrx_word' id='word_1_41' title='bbox 786 883 856 940; x_wconf 89' lang='lat' dir='ltr'>meis</span> <span class='ocrx_word' id='word_1_42' title='bbox 879 883 1023 958; x_wconf 84' lang='lat' dir='ltr'>explicare</span> <span class='ocrx_word' id='word_1_43' title='bbox 1048 882 1167 954; x_wconf 90' lang='lat' dir='ltr'>studui,</span> <span class='ocrx_word' id='word_1_44' title='bbox 1185 882 1217 938; x_wconf 91' lang='lat' dir='ltr'>in</span> <span class='ocrx_word' id='word_1_45' title='bbox 1238 883 1345 958; x_wconf 89' lang='lat' dir='ltr'>quibus</span> <span class='ocrx_word' id='word_1_46' title='bbox 1363 883 1445 940; x_wconf 87' lang='lat' dir='ltr'>etiam</span> 
     </span>
     <span class='ocr_line' id='line_1_6' title="bbox 392 973 1444 1050; baseline -0.002 -18"><span class='ocrx_word' id='word_1_47' title='bbox 392 974 604 1032; x_wconf 79' lang='lat' dir='ltr'>exercitatiores</span> <span class='ocrx_word' id='word_1_48' title='bbox 617 986 735 1050; x_wconf 79' lang='lat' dir='ltr'>possent</span> <span class='ocrx_word' id='word_1_49' title='bbox 754 973 911 1032; x_wconf 70' lang='lat' dir='ltr'>offendere.</span> <span class='ocrx_word' id='word_1_50' title='bbox 926 979 992 1047; x_wconf 84' lang='lat' dir='ltr'>Qua</span> <span class='ocrx_word' id='word_1_51' title='bbox 1006 974 1158 1032; x_wconf 79' lang='lat' dir='ltr'>occasione</span> <span class='ocrx_word' id='word_1_52' title='bbox 1168 975 1349 1032; x_wconf 87' lang='lat' dir='ltr'>Lactantium</span> <span class='ocrx_word' id='word_1_53' title='bbox 1363 977 1444 1032; x_wconf 91' lang='lat' dir='ltr'>scho-</span> 
     </span>
     <span class='ocr_line' id='line_1_7' title="bbox 391 1065 1448 1142; baseline 0.002 -18"><span class='ocrx_word' id='word_1_54' title='bbox 391 1068 502 1124; x_wconf 89' lang='lat' dir='ltr'>liastam</span> <span class='ocrx_word' id='word_1_55' title='bbox 528 1087 606 1142; x_wconf 66' lang='lat' dir='ltr'>saepev</span> <span class='ocrx_word' id='word_1_56' title='bbox 629 1069 733 1125; x_wconf 88' lang='lat' dir='ltr'>tacitus</span> <span class='ocrx_word' id='word_1_57' title='bbox 761 1067 911 1124; x_wconf 79' lang='lat' dir='ltr'>emendavi</span> <span class='ocrx_word' id='word_1_58' title='bbox 934 1086 951 1123; x_wconf 92' lang='lat' dir='ltr'>e</span> <span class='ocrx_word' id='word_1_59' title='bbox 985 1067 1072 1124; x_wconf 89' lang='lat' dir='ltr'>codd.</span> <span class='ocrx_word' id='word_1_60' title='bbox 1106 1065 1247 1124; x_wconf 84' lang='lat' dir='ltr'>Parisinis.</span> <span class='ocrx_word' id='word_1_61' title='bbox 1277 1069 1448 1126; x_wconf 87' lang='lat' dir='ltr'>Criticarum</span> 
     </span>
     <span class='ocr_line' id='line_1_8' title="bbox 391 1159 1446 1236; baseline 0.002 -20"><span class='ocrx_word' id='word_1_62' title='bbox 391 1181 461 1218; x_wconf 84' lang='lat' dir='ltr'>vcro</span> <span class='ocrx_word' id='word_1_63' title='bbox 482 1172 619 1218; x_wconf 88' lang='lat' dir='ltr'>notarum</span> <span class='ocrx_word' id='word_1_64' title='bbox 636 1180 693 1236; x_wconf 92' lang='lat' dir='ltr'>pro</span> <span class='ocrx_word' id='word_1_65' title='bbox 714 1160 918 1218; x_wconf 88' lang='lat' dir='ltr'>recensionum</span> <span class='ocrx_word' id='word_1_66' title='bbox 940 1179 1005 1234; x_wconf 80' lang='lat' dir='ltr'>quse</span> <span class='ocrx_word' id='word_1_67' title='bbox 1027 1159 1201 1216; x_wconf 87' lang='lat' dir='ltr'>exhibentur</span> <span class='ocrx_word' id='word_1_68' title='bbox 1223 1161 1386 1219; x_wconf 78' lang='lat' dir='ltr'>diversitate</span> <span class='ocrx_word' id='word_1_69' title='bbox 1400 1162 1446 1218; x_wconf 92' lang='lat' dir='ltr'>di-</span> 
     </span>
     <span class='ocr_line' id='line_1_9' title="bbox 391 1253 1445 1329; baseline 0.002 -19"><span class='ocrx_word' id='word_1_70' title='bbox 391 1273 472 1312; x_wconf 79' lang='lat' dir='ltr'>versa</span> <span class='ocrx_word' id='word_1_71' title='bbox 494 1253 622 1311; x_wconf 85' lang='lat' dir='ltr'>ineunda</span> <span class='ocrx_word' id='word_1_72' title='bbox 641 1253 697 1309; x_wconf 84' lang='lat' dir='ltr'>luit</span> <span class='ocrx_word' id='word_1_73' title='bbox 715 1253 799 1310; x_wconf 88' lang='lat' dir='ltr'>ratio.</span> <span class='ocrx_word' id='word_1_74' title='bbox 814 1253 906 1310; x_wconf 83' lang='lat' dir='ltr'>Silvas</span> <span class='ocrx_word' id='word_1_75' title='bbox 919 1253 1125 1320; x_wconf 76' lang='lat' dir='ltr'>Marklondas,</span> <span class='ocrx_word' id='word_1_76' title='bbox 1147 1263 1181 1308; x_wconf 91' lang='lat' dir='ltr'>ut</span> <span class='ocrx_word' id='word_1_77' title='bbox 1203 1265 1330 1326; x_wconf 90' lang='lat' dir='ltr'>constat,</span> <span class='ocrx_word' id='word_1_78' title='bbox 1349 1255 1445 1329; x_wconf 90' lang='lat' dir='ltr'>paullo</span> 
     </span>
     <span class='ocr_line' id='line_1_10' title="bbox 392 1343 1447 1422; baseline -0.001 -19"><span class='ocrx_word' id='word_1_79' title='bbox 392 1346 528 1404; x_wconf 89' lang='lat' dir='ltr'>audacius</span> <span class='ocrx_word' id='word_1_80' title='bbox 550 1343 693 1417; x_wconf 83' lang='lat' dir='ltr'>refinxit,</span> <span class='ocrx_word' id='word_1_81' title='bbox 713 1363 818 1420; x_wconf 87' lang='lat' dir='ltr'>magna</span> <span class='ocrx_word' id='word_1_82' title='bbox 838 1363 939 1402; x_wconf 88' lang='lat' dir='ltr'>earum</span> <span class='ocrx_word' id='word_1_83' title='bbox 959 1345 1148 1419; x_wconf 87' lang='lat' dir='ltr'>corruptione</span> <span class='ocrx_word' id='word_1_84' title='bbox 1170 1349 1207 1402; x_wconf 85' lang='lat' dir='ltr'>et&#39;</span> <span class='ocrx_word' id='word_1_85' title='bbox 1219 1346 1374 1419; x_wconf 89' lang='lat' dir='ltr'>codicum,</span> <span class='ocrx_word' id='word_1_86' title='bbox 1397 1349 1447 1422; x_wconf 92' lang='lat' dir='ltr'>qui</span> 
     </span>
     <span class='ocr_line' id='line_1_11' title="bbox 342 1437 1447 1514; baseline 0 -20"><span class='ocrx_word' id='word_1_87' title='bbox 342 1474 346 1480; x_wconf 88' lang='lat'>-</span> <span class='ocrx_word' id='word_1_88' title='bbox 391 1439 510 1514; x_wconf 88' lang='lat' dir='ltr'>insuper</span> <span class='ocrx_word' id='word_1_89' title='bbox 530 1456 565 1494; x_wconf 85' lang='lat' dir='ltr'>ex</span> <span class='ocrx_word' id='word_1_90' title='bbox 588 1457 647 1494; x_wconf 86' lang='lat' dir='ltr'>una</span> <span class='ocrx_word' id='word_1_91' title='bbox 668 1456 767 1494; x_wconf 89' lang='lat' dir='ltr'>omnes</span> <span class='ocrx_word' id='word_1_92' title='bbox 788 1437 894 1495; x_wconf 79' lang='lat' dir='ltr'>familia</span> <span class='ocrx_word' id='word_1_93' title='bbox 917 1437 1115 1512; x_wconf 78' lang='lat' dir='ltr'>proveniunt,</span> <span class='ocrx_word' id='word_1_94' title='bbox 1134 1438 1280 1512; x_wconf 77' lang='lat' dir='ltr'>paucitate</span> <span class='ocrx_word' id='word_1_95' title='bbox 1304 1450 1401 1496; x_wconf 88' lang='lat' dir='ltr'>motus</span> <span class='ocrx_word' id='word_1_96' title='bbox 1420 1451 1447 1496; x_wconf 91' lang='lat' dir='ltr'>et</span> 
     </span>
    </p>

    <p class='ocr_par' dir='ltr' id='par_1_3' title="bbox 337 1529 1450 3012">
     <span class='ocr_line' id='line_1_12' title="bbox 392 1529 1447 1605; baseline -0.001 -16"><span class='ocrx_word' id='word_1_97' title='bbox 392 1542 542 1589; x_wconf 85' lang='lat' dir='ltr'>excusatus</span> <span class='ocrx_word' id='word_1_98' title='bbox 565 1551 572 1586; x_wconf 75' lang='grc' dir='ltr'><strong><em>ε</em></strong></span> <span class='ocrx_word' id='word_1_99' title='bbox 597 1530 680 1604; x_wconf 82' lang='lat' dir='ltr'>cujus</span> <span class='ocrx_word' id='word_1_100' title='bbox 698 1530 872 1588; x_wconf 87' lang='lat' dir='ltr'>mutationes</span> <span class='ocrx_word' id='word_1_101' title='bbox 892 1529 916 1586; x_wconf 89' lang='lat' dir='ltr'>si</span> <span class='ocrx_word' id='word_1_102' title='bbox 937 1549 1087 1587; x_wconf 85' lang='lat' dir='ltr'>recensere</span> <span class='ocrx_word' id='word_1_103' title='bbox 1112 1531 1266 1588; x_wconf 84' lang='lat' dir='ltr'>voluissem</span> <span class='ocrx_word' id='word_1_104' title='bbox 1287 1551 1402 1605; x_wconf 88' lang='lat' dir='ltr'>omnes,</span> <span class='ocrx_word' id='word_1_105' title='bbox 1420 1544 1447 1589; x_wconf 90' lang='lat' dir='ltr'>et</span> 
     </span>
     <span class='ocr_line' id='line_1_13' title="bbox 337 1612 1447 1699; baseline 0 -19"><span class='ocrx_word' id='word_1_106' title='bbox 337 1612 340 1618; x_wconf 20' lang='grc' dir='ltr'><strong><em>Δ</em></strong></span> <span class='ocrx_word' id='word_1_107' title='bbox 392 1622 496 1680; x_wconf 86' lang='lat' dir='ltr'>earum&#39;</span> <span class='ocrx_word' id='word_1_108' title='bbox 511 1642 609 1680; x_wconf 83' lang='lat' dir='ltr'>causas</span> <span class='ocrx_word' id='word_1_109' title='bbox 629 1623 788 1698; x_wconf 84' lang='lat' dir='ltr'>praecipuas</span> <span class='ocrx_word' id='word_1_110' title='bbox 805 1621 956 1693; x_wconf 88' lang='lat' dir='ltr'>indicare,</span> <span class='ocrx_word' id='word_1_111' title='bbox 981 1622 1023 1678; x_wconf 91' lang='lat' dir='ltr'>dii</span> <span class='ocrx_word' id='word_1_112' title='bbox 1038 1623 1130 1693; x_wconf 88' lang='lat' dir='ltr'>boni,</span> <span class='ocrx_word' id='word_1_113' title='bbox 1151 1625 1236 1698; x_wconf 88' lang='lat' dir='ltr'>quale</span> <span class='ocrx_word' id='word_1_114' title='bbox 1259 1635 1287 1680; x_wconf 88' lang='lat' dir='ltr'>et</span> <span class='ocrx_word' id='word_1_115' title='bbox 1307 1636 1447 1699; x_wconf 87' lang='lat' dir='ltr'>quantum</span> 
     </span>
     <span class='ocr_line' id='line_1_14' title="bbox 392 1715 1448 1790; baseline 0 -18"><span class='ocrx_word' id='word_1_116' title='bbox 392 1735 544 1774; x_wconf 82' lang='lat' dir='ltr'>evasurum</span> <span class='ocrx_word' id='word_1_117' title='bbox 566 1727 627 1772; x_wconf 85' lang='lat' dir='ltr'>erat</span> <span class='ocrx_word' id='word_1_118' title='bbox 647 1717 704 1771; x_wconf 91' lang='lat' dir='ltr'>hoc</span> <span class='ocrx_word' id='word_1_119' title='bbox 725 1717 874 1772; x_wconf 84' lang='lat' dir='ltr'>volumenl</span> <span class='ocrx_word' id='word_1_120' title='bbox 898 1718 933 1772; x_wconf 90' lang='lat' dir='ltr'>ln</span> <span class='ocrx_word' id='word_1_121' title='bbox 953 1715 987 1772; x_wconf 88' lang='lat' dir='ltr'>iis</span> <span class='ocrx_word' id='word_1_122' title='bbox 1004 1715 1093 1790; x_wconf 77' lang='lat' dir='ltr'>igitur</span> <span class='ocrx_word' id='word_1_123' title='bbox 1112 1717 1284 1773; x_wconf 84' lang='lat' dir='ltr'>annotandis</span> <span class='ocrx_word' id='word_1_124' title='bbox 1301 1735 1347 1773; x_wconf 89' lang='lat' dir='ltr'>me</span> <span class='ocrx_word' id='word_1_125' title='bbox 1376 1737 1448 1774; x_wconf 91' lang='lat' dir='ltr'>con-</span> 
     </span>
     <span class='ocr_line' id='line_1_15' title="bbox 393 1808 1447 1884; baseline 0.001 -21"><span class='ocrx_word' id='word_1_126' title='bbox 393 1809 511 1865; x_wconf 88' lang='lat' dir='ltr'>tinerem</span> <span class='ocrx_word' id='word_1_127' title='bbox 526 1809 699 1882; x_wconf 84' lang='lat' dir='ltr'>oportebat,</span> <span class='ocrx_word' id='word_1_128' title='bbox 720 1828 784 1883; x_wconf 71' lang='lat' dir='ltr'>qum</span> <span class='ocrx_word' id='word_1_129' title='bbox 797 1810 939 1884; x_wconf 84' lang='lat' dir='ltr'>legentem</span> <span class='ocrx_word' id='word_1_130' title='bbox 958 1809 1019 1864; x_wconf 87' lang='lat' dir='ltr'>haec</span> <span class='ocrx_word' id='word_1_131' title='bbox 1039 1808 1163 1864; x_wconf 90' lang='lat' dir='ltr'>carmina</span> <span class='ocrx_word' id='word_1_132' title='bbox 1185 1820 1321 1883; x_wconf 88' lang='lat' dir='ltr'>poterant</span> <span class='ocrx_word' id='word_1_133' title='bbox 1342 1809 1447 1865; x_wconf 88' lang='lat' dir='ltr'>morari</span> 
     </span>
     <span class='ocr_line' id='line_1_16' title="bbox 394 1900 1448 1977; baseline 0.002 -21"><span class='ocrx_word' id='word_1_134' title='bbox 394 1904 437 1959; x_wconf 84' lang='lat' dir='ltr'>vol</span> <span class='ocrx_word' id='word_1_135' title='bbox 457 1903 585 1958; x_wconf 89' lang='lat' dir='ltr'>turbare.</span> <span class='ocrx_word' id='word_1_136' title='bbox 600 1901 765 1958; x_wconf 87' lang='lat' dir='ltr'>Thebaidos</span> <span class='ocrx_word' id='word_1_137' title='bbox 786 1913 883 1958; x_wconf 88' lang='lat' dir='ltr'>autem</span> <span class='ocrx_word' id='word_1_138' title='bbox 907 1912 935 1957; x_wconf 89' lang='lat' dir='ltr'>et</span> <span class='ocrx_word' id='word_1_139' title='bbox 954 1900 1130 1957; x_wconf 73' lang='lat' dir='ltr'>Achilleidos</span> <span class='ocrx_word' id='word_1_140' title='bbox 1149 1901 1359 1972; x_wconf 88' lang='lat' dir='ltr'>recensionem,</span> <span class='ocrx_word' id='word_1_141' title='bbox 1385 1922 1448 1977; x_wconf 84' lang='lat' dir='ltr'>qaae</span> 
     </span>
     <span class='ocr_line' id='line_1_17' title="bbox 394 1993 1448 2078; baseline 0.004 -30"><span class='ocrx_word' id='word_1_142' title='bbox 394 1997 437 2050; x_wconf 90' lang='lat' dir='ltr'>vel</span> <span class='ocrx_word' id='word_1_143' title='bbox 454 1993 617 2050; x_wconf 60' lang='lat' dir='ltr'>,barthianis</span> <span class='ocrx_word' id='word_1_144' title='bbox 633 1993 769 2051; x_wconf 88' lang='lat' dir='ltr'>subsidiis</span> <span class='ocrx_word' id='word_1_145' title='bbox 782 1994 957 2078; x_wconf 83' lang='lat' dir='ltr'>conveniens</span> <span class='ocrx_word' id='word_1_146' title='bbox 970 2005 1000 2050; x_wconf 89' lang='lat' dir='ltr'>et</span> <span class='ocrx_word' id='word_1_147' title='bbox 1013 1993 1102 2071; x_wconf 83' lang='lat' dir='ltr'>digna</span> <span class='ocrx_word' id='word_1_148' title='bbox 1116 2006 1201 2066; x_wconf 88' lang='lat' dir='ltr'>esset,</span> <span class='ocrx_word' id='word_1_149' title='bbox 1218 2014 1305 2052; x_wconf 81' lang='lat' dir='ltr'>nemo</span> <span class='ocrx_word' id='word_1_150' title='bbox 1320 1996 1357 2053; x_wconf 89' lang='lat' dir='ltr'>ad</span> <span class='ocrx_word' id='word_1_151' title='bbox 1373 1996 1448 2052; x_wconf 91' lang='lat' dir='ltr'>hunc</span> 
     </span>
     <span class='ocr_line' id='line_1_18' title="bbox 392 2073 1447 2164; baseline 0.001 -21"><span class='ocrx_word' id='word_1_152' title='bbox 392 2088 468 2143; x_wconf 90' lang='lat' dir='ltr'>diem</span> <span class='ocrx_word' id='word_1_153' title='bbox 482 2088 558 2163; x_wconf 74' lang='lat' dir='ltr'>typis</span> <span class='ocrx_word' id='word_1_154' title='bbox 573 2073 798 2144; x_wconf 37' lang='lat' dir='ltr'>exscribendam·</span> <span class='ocrx_word' id='word_1_155' title='bbox 806 2089 927 2145; x_wconf 88' lang='lat' dir='ltr'>tradidit</span> <span class='ocrx_word' id='word_1_156' title='bbox 941 2109 948 2143; x_wconf 77' lang='grc' dir='ltr'><strong>ε</strong></span> <span class='ocrx_word' id='word_1_157' title='bbox 964 2107 1054 2164; x_wconf 87' lang='lat' dir='ltr'>quare</span> <span class='ocrx_word' id='word_1_158' title='bbox 1068 2107 1130 2144; x_wconf 92' lang='lat' dir='ltr'>non</span> <span class='ocrx_word' id='word_1_159' title='bbox 1143 2089 1268 2145; x_wconf 88' lang='lat' dir='ltr'>alienam</span> <span class='ocrx_word' id='word_1_160' title='bbox 1277 2109 1336 2146; x_wconf 87' lang='lat' dir='ltr'>esse</span> <span class='ocrx_word' id='word_1_161' title='bbox 1349 2090 1447 2164; x_wconf 80' lang='lat' dir='ltr'>putavi</span> 
     </span>
     <span class='ocr_line' id='line_1_19' title="bbox 393 2179 1449 2258; baseline 0.003 -22"><span class='ocrx_word' id='word_1_162' title='bbox 393 2181 429 2236; x_wconf 90' lang='lat' dir='ltr'>ab</span> <span class='ocrx_word' id='word_1_163' title='bbox 448 2179 640 2238; x_wconf 85' lang='lat' dir='ltr'>honestissimi</span> <span class='ocrx_word' id='word_1_164' title='bbox 662 2181 773 2237; x_wconf 87' lang='lat' dir='ltr'>librarii</span> <span class='ocrx_word' id='word_1_165' title='bbox 796 2181 945 2252; x_wconf 89' lang='lat' dir='ltr'>instituto,</span> <span class='ocrx_word' id='word_1_166' title='bbox 964 2191 997 2236; x_wconf 91' lang='lat' dir='ltr'>ut</span> <span class='ocrx_word' id='word_1_167' title='bbox 1013 2182 1044 2236; x_wconf 91' lang='lat' dir='ltr'>in</span> <span class='ocrx_word' id='word_1_168' title='bbox 1058 2199 1158 2237; x_wconf 84' lang='lat' dir='ltr'>eoram</span> <span class='ocrx_word' id='word_1_169' title='bbox 1179 2182 1378 2254; x_wconf 88' lang='lat' dir='ltr'>commodum,</span> <span class='ocrx_word' id='word_1_170' title='bbox 1398 2183 1449 2258; x_wconf 89' lang='lat' dir='ltr'>qui</span> 
     </span>
     <span class='ocr_line' id='line_1_20' title="bbox 395 2273 1449 2349; baseline 0.003 -19"><span class='ocrx_word' id='word_1_171' title='bbox 395 2273 545 2331; x_wconf 85' lang='lat' dir='ltr'>Barthiana</span> <span class='ocrx_word' id='word_1_172' title='bbox 563 2273 684 2349; x_wconf 89' lang='lat' dir='ltr'>aliisque</span> <span class='ocrx_word' id='word_1_173' title='bbox 698 2273 876 2330; x_wconf 86' lang='lat' dir='ltr'>editionibus</span> <span class='ocrx_word' id='word_1_174' title='bbox 896 2284 925 2330; x_wconf 91' lang='lat' dir='ltr'>et</span> <span class='ocrx_word' id='word_1_175' title='bbox 940 2274 1053 2348; x_wconf 83' lang='lat' dir='ltr'>scriptis</span> <span class='ocrx_word' id='word_1_176' title='bbox 1066 2274 1172 2331; x_wconf 85' lang='lat' dir='ltr'>criticis</span> <span class='ocrx_word' id='word_1_177' title='bbox 1185 2283 1330 2346; x_wconf 87' lang='lat' dir='ltr'>carerent,</span> <span class='ocrx_word' id='word_1_178' title='bbox 1345 2277 1392 2332; x_wconf 83' lang='lat' dir='ltr'>vel</span> <span class='ocrx_word' id='word_1_179' title='bbox 1405 2277 1449 2333; x_wconf 86' lang='lat' dir='ltr'>usi</span> 
     </span>
     <span class='ocr_line' id='line_1_21' title="bbox 394 2367 1447 2446; baseline 0.003 -24"><span class='ocrx_word' id='word_1_180' title='bbox 394 2367 524 2424; x_wconf 90' lang='lat' dir='ltr'>nondum</span> <span class='ocrx_word' id='word_1_181' title='bbox 537 2377 647 2438; x_wconf 88' lang='lat' dir='ltr'>essent,</span> <span class='ocrx_word' id='word_1_182' title='bbox 663 2367 821 2441; x_wconf 88' lang='lat' dir='ltr'>specimina</span> <span class='ocrx_word' id='word_1_183' title='bbox 833 2367 940 2422; x_wconf 89' lang='lat' dir='ltr'>borum</span> <span class='ocrx_word' id='word_1_184' title='bbox 955 2367 1113 2423; x_wconf 89' lang='lat' dir='ltr'>carminum</span> <span class='ocrx_word' id='word_1_185' title='bbox 1128 2383 1143 2423; x_wconf 89' lang='lat' dir='ltr'>e</span> <span class='ocrx_word' id='word_1_186' title='bbox 1157 2368 1307 2425; x_wconf 88' lang='lat' dir='ltr'>codicibus</span> <span class='ocrx_word' id='word_1_187' title='bbox 1323 2377 1351 2424; x_wconf 92' lang='lat' dir='ltr'>et</span> <span class='ocrx_word' id='word_1_188' title='bbox 1364 2369 1447 2446; x_wconf 83' lang='lat' dir='ltr'>inge-</span> 
     </span>
     <span class='ocr_line' id='line_1_22' title="bbox 394 2455 1449 2540; baseline 0.003 -23"><span class='ocrx_word' id='word_1_189' title='bbox 394 2461 443 2517; x_wconf 91' lang='lat' dir='ltr'>nio</span> <span class='ocrx_word' id='word_1_190' title='bbox 461 2459 710 2517; x_wconf 88' lang='lat' dir='ltr'>emendandorum</span> <span class='ocrx_word' id='word_1_191' title='bbox 735 2478 841 2536; x_wconf 79' lang='lat' dir='ltr'>magno</span> <span class='ocrx_word' id='word_1_192' title='bbox 861 2478 983 2515; x_wconf 87' lang='lat' dir='ltr'>numero</span> <span class='ocrx_word' id='word_1_193' title='bbox 996 2477 1209 2540; x_wconf 83' lang='lat' dir='ltr'>proponerem.</span> <span class='ocrx_word' id='word_1_194' title='bbox 1232 2455 1403 2519; x_wconf 61' lang='lat' dir='ltr'>Praesertim*</span> <span class='ocrx_word' id='word_1_195' title='bbox 1415 2482 1449 2520; x_wconf 80' lang='lat' dir='ltr'>ex</span> 
     </span>
     <span class='ocr_line' id='line_1_23' title="bbox 393 2537 1449 2628; baseline 0 -18"><span class='ocrx_word' id='word_1_196' title='bbox 393 2554 505 2628; x_wconf 88' lang='lat' dir='ltr'>optimo</span> <span class='ocrx_word' id='word_1_197' title='bbox 532 2554 583 2609; x_wconf 90' lang='lat' dir='ltr'>illo</span> <span class='ocrx_word' id='word_1_198' title='bbox 615 2565 643 2609; x_wconf 90' lang='lat' dir='ltr'>et</span> <span class='ocrx_word' id='word_1_199' title='bbox 666 2553 753 2608; x_wconf 89' lang='lat' dir='ltr'>unico</span> <span class='ocrx_word' id='word_1_200' title='bbox 785 2552 885 2608; x_wconf 88' lang='lat' dir='ltr'>codice</span> <span class='ocrx_word' id='word_1_201' title='bbox 908 2541 1019 2608; x_wconf 90' lang='lat' dir='ltr'>Bartbii</span> <span class='ocrx_word' id='word_1_202' title='bbox 1044 2537 1297 2612; x_wconf 88' lang='lat' dir='ltr'>commemoranda</span> <span class='ocrx_word' id='word_1_203' title='bbox 1321 2555 1449 2628; x_wconf 80' lang='lat' dir='ltr'>judicavi</span> 
     </span>
     <span class='ocr_line' id='line_1_24' title="bbox 393 2645 1449 2726; baseline 0.002 -24"><span class='ocrx_word' id='word_1_204' title='bbox 393 2647 630 2722; x_wconf 89' lang='lat' dir='ltr'>quamplurima,</span> <span class='ocrx_word' id='word_1_205' title='bbox 649 2646 760 2719; x_wconf 90' lang='lat' dir='ltr'>quippe</span> <span class='ocrx_word' id='word_1_206' title='bbox 772 2645 886 2701; x_wconf 85' lang='lat' dir='ltr'>veritati</span> <span class='ocrx_word' id='word_1_207' title='bbox 894 2647 1066 2721; x_wconf 81' lang='lat' dir='ltr'>plerumque</span> <span class='ocrx_word' id='word_1_208' title='bbox 1081 2645 1187 2705; x_wconf 86' lang='lat' dir='ltr'>affinia.</span> <span class='ocrx_word' id='word_1_209' title='bbox 1202 2649 1304 2722; x_wconf 82' lang='lat' dir='ltr'>Neque</span> <span class='ocrx_word' id='word_1_210' title='bbox 1322 2650 1449 2726; x_wconf 83' lang='lat' dir='ltr'>neglecta</span> 
     </span>
     <span class='ocr_line' id='line_1_25' title="bbox 394 2738 1450 2816; baseline -0.001 -19"><span class='ocrx_word' id='word_1_211' title='bbox 394 2750 460 2797; x_wconf 88' lang='lat' dir='ltr'>sunt</span> <span class='ocrx_word' id='word_1_212' title='bbox 472 2739 666 2805; x_wconf 81' lang='lat' dir='ltr'>Heinsioncn,</span> <span class='ocrx_word' id='word_1_213' title='bbox 683 2739 728 2794; x_wconf 89' lang='lat' dir='ltr'><em>W</em></span> <span class='ocrx_word' id='word_1_214' title='bbox 724 2738 863 2812; x_wconf 67' lang='lat' dir='ltr'>alqfieldi</span> <span class='ocrx_word' id='word_1_215' title='bbox 876 2738 1058 2814; x_wconf 89' lang='lat' dir='ltr'>aliorumque</span> <span class='ocrx_word' id='word_1_216' title='bbox 1072 2739 1238 2796; x_wconf 87' lang='lat' dir='ltr'>criticorum</span> <span class='ocrx_word' id='word_1_217' title='bbox 1252 2741 1372 2815; x_wconf 89' lang='lat' dir='ltr'>scripta,</span> <span class='ocrx_word' id='word_1_218' title='bbox 1386 2761 1450 2816; x_wconf 77' lang='lat' dir='ltr'>quae</span> 
     </span>
     <span class='ocr_line' id='line_1_26' title="bbox 394 2830 1450 2907; baseline 0.003 -20"><span class='ocrx_word' id='word_1_219' title='bbox 394 2832 424 2887; x_wconf 91' lang='lat' dir='ltr'>in</span> <span class='ocrx_word' id='word_1_220' title='bbox 437 2831 558 2888; x_wconf 85' lang='lat' dir='ltr'>Statium</span> <span class='ocrx_word' id='word_1_221' title='bbox 573 2830 790 2888; x_wconf 84' lang='lat' dir='ltr'>observationes</span> <span class='ocrx_word' id='word_1_222' title='bbox 804 2830 953 2887; x_wconf 88' lang='lat' dir='ltr'>continent</span> <span class='ocrx_word' id='word_1_223' title='bbox 967 2851 974 2887; x_wconf 77' lang='grc' dir='ltr'><strong>ε</strong></span> <span class='ocrx_word' id='word_1_224' title='bbox 993 2831 1043 2888; x_wconf 91' lang='lat' dir='ltr'>sed</span> <span class='ocrx_word' id='word_1_225' title='bbox 1057 2851 1148 2907; x_wconf 89' lang='lat' dir='ltr'>usque</span> <span class='ocrx_word' id='word_1_226' title='bbox 1162 2832 1248 2889; x_wconf 82' lang='lat' dir='ltr'>velim</span> <span class='ocrx_word' id='word_1_227' title='bbox 1260 2844 1391 2907; x_wconf 88' lang='lat' dir='ltr'>reputes,</span> <span class='ocrx_word' id='word_1_228' title='bbox 1405 2853 1450 2889; x_wconf 88' lang='lat' dir='ltr'>me</span> 
     </span>
     <span class='ocr_line' id='line_1_27' title="bbox 394 2911 1450 3012; baseline 0.001 -31"><span class='ocrx_word' id='word_1_229' title='bbox 394 2923 548 2998; x_wconf 87' lang='lat' dir='ltr'>specimina</span> <span class='ocrx_word' id='word_1_230' title='bbox 566 2934 693 3012; x_wconf 81' lang='lat' dir='ltr'>tantum,</span> <span class='ocrx_word' id='word_1_231' title='bbox 708 2923 931 2994; x_wconf 86' lang='lat' dir='ltr'>emendationis,</span> <span class='ocrx_word' id='word_1_232' title='bbox 952 2943 1013 2980; x_wconf 91' lang='lat' dir='ltr'>non</span> <span class='ocrx_word' id='word_1_233' title='bbox 1033 2911 1231 2982; x_wconf 85' lang='lat' dir='ltr'>recensionem</span> <span class='ocrx_word' id='word_1_234' title='bbox 1255 2936 1350 3000; x_wconf 83' lang='lat' dir='ltr'>poetae</span> <span class='ocrx_word' id='word_1_235' title='bbox 1367 2926 1450 2982; x_wconf 87' lang='lat' dir='ltr'>exbi-</span> 
     </span>
    </p>
   </div>
   <div class='ocr_carea' id='block_1_3' title="bbox 394 3029 1450 3292">
    <p class='ocr_par' dir='ltr' id='par_1_4' title="bbox 394 3029 1450 3292">
     <span class='ocr_line' id='line_1_28' title="bbox 394 3029 1450 3107; baseline 0.001 -18"><span class='ocrx_word' id='word_1_236' title='bbox 394 3033 463 3090; x_wconf 90' lang='lat' dir='ltr'>bere</span> <span class='ocrx_word' id='word_1_237' title='bbox 481 3030 621 3100; x_wconf 77' lang='lat' dir='ltr'>voluisse,</span> <span class='ocrx_word' id='word_1_238' title='bbox 638 3039 667 3087; x_wconf 89' lang='lat' dir='ltr'>et</span> <span class='ocrx_word' id='word_1_239' title='bbox 681 3031 814 3086; x_wconf 88' lang='lat' dir='ltr'>consulto</span> <span class='ocrx_word' id='word_1_240' title='bbox 830 3029 957 3098; x_wconf 86' lang='lat' dir='ltr'>omisisse</span> <span class='ocrx_word' id='word_1_241' title='bbox 973 3033 1063 3087; x_wconf 88' lang='lat' dir='ltr'>multa</span> <span class='ocrx_word' id='word_1_242' title='bbox 1077 3050 1142 3106; x_wconf 80' lang='lat' dir='ltr'>quar</span> <span class='ocrx_word' id='word_1_243' title='bbox 1155 3031 1369 3106; x_wconf 86' lang='lat' dir='ltr'>probabilitatis</span> <span class='ocrx_word' id='word_1_244' title='bbox 1382 3051 1450 3107; x_wconf 87' lang='lat' dir='ltr'>spe-</span> 
     </span>
     <span class='ocr_line' id='line_1_29' title="bbox 394 3121 1450 3200; baseline 0.001 -19"><span class='ocrx_word' id='word_1_245' title='bbox 394 3124 465 3181; x_wconf 90' lang='lat' dir='ltr'>ciem</span> <span class='ocrx_word' id='word_1_246' title='bbox 483 3141 545 3178; x_wconf 89' lang='lat' dir='ltr'>non</span> <span class='ocrx_word' id='word_1_247' title='bbox 557 3122 706 3179; x_wconf 86' lang='lat' dir='ltr'>haberent.</span> <span class='ocrx_word' id='word_1_248' title='bbox 721 3123 807 3194; x_wconf 85' lang='lat' dir='ltr'>Vale,</span> <span class='ocrx_word' id='word_1_249' title='bbox 820 3121 962 3180; x_wconf 77' lang='lat' dir='ltr'>benevole</span> <span class='ocrx_word' id='word_1_250' title='bbox 975 3126 1078 3196; x_wconf 86' lang='lat' dir='ltr'>lector,</span> <span class='ocrx_word' id='word_1_251' title='bbox 1093 3134 1122 3178; x_wconf 89' lang='lat' dir='ltr'>et</span> <span class='ocrx_word' id='word_1_252' title='bbox 1140 3123 1208 3180; x_wconf 89' lang='lat' dir='ltr'>huic</span> <span class='ocrx_word' id='word_1_253' title='bbox 1224 3124 1372 3200; x_wconf 87' lang='lat' dir='ltr'>quidquid</span> <span class='ocrx_word' id='word_1_254' title='bbox 1384 3125 1450 3182; x_wconf 89' lang='lat' dir='ltr'>Sta-</span> 
     </span>
     <span class='ocr_line' id='line_1_30' title="bbox 395 3216 992 3292; baseline 0 -20"><span class='ocrx_word' id='word_1_255' title='bbox 395 3217 436 3274; x_wconf 88' lang='lat' dir='ltr'>tio</span> <span class='ocrx_word' id='word_1_256' title='bbox 456 3216 585 3292; x_wconf 90' lang='lat' dir='ltr'>impendi</span> <span class='ocrx_word' id='word_1_257' title='bbox 598 3235 693 3291; x_wconf 82' lang='lat' dir='ltr'>operae</span> <span class='ocrx_word' id='word_1_258' title='bbox 713 3216 787 3272; x_wconf 80' lang='lat' dir='ltr'>fave.</span> <span class='ocrx_word' id='word_1_259' title='bbox 988 3217 992 3227; x_wconf 90' lang='grc'><strong>“</strong></span> 
     </span>
    </p>
   </div>
   <div class='ocr_carea' id='block_1_4' title="bbox 1011 3312 1395 3393">
    <p class='ocr_par' dir='ltr' id='par_1_5' title="bbox 1011 3312 1395 3393">
     <span class='ocr_line' id='line_1_31' title="bbox 1011 3312 1395 3393; baseline 0.01 -4"><span class='ocrx_word' id='word_1_260' title='bbox 1011 3334 1199 3390; x_wconf 80' lang='lat' dir='ltr'>Farnnnrcus</span> <span class='ocrx_word' id='word_1_261' title='bbox 1219 3312 1395 3393; x_wconf 60' lang='lat' dir='ltr'><strong>DUBNERJ</strong></span> 
     </span>
    </p>
   </div>
   <div class='ocr_carea' id='block_1_5' title="bbox 0 0 1606 5148">
    <p class='ocr_par' dir='ltr' id='par_1_6' title="bbox 0 0 1606 5148">
     <span class='ocr_line' id='line_1_32' title="bbox 0 0 1606 5148; baseline 0 0"><span class='ocrx_word' id='word_1_262' title='bbox 0 0 1606 5148; x_wconf 95' lang='lat' dir='ltr'> </span> 
     </span>
    </p>
   </div>
  </div>
 </body>
</html>
