3200 5142
149 521 271 585 (αφ.)
317 585 319 590 ,
468 517 682 578 suasimus
704 519 816 576 urnas
839 518 885 574 ru.
1160 517 1215 584 aaa

147 645 252 724 Bella
270 646 407 732 animis,
425 640 513 713 bella
529 669 588 715 ore
604 645 778 715 fremunt:
797 644 825 713 it
843 642 972 714 clamor
988 642 1033 712 ad
1048 667 1166 734 auras,

156 769 319 856 Quantus
335 764 504 860 Tyrrheni
524 767 667 860 gemitus
683 763 780 853 salis,
801 779 862 834 aut
880 764 940 834 ubi
958 777 1067 834 tentat

158 884 350 958 Enceladus
365 899 497 956 mutare
516 884 605 957 latus
620 913 629 956 t
647 884 765 982 procul
784 887 904 982 igneus
922 886 1029 956 antris

158 1011 262 1078 Mons
277 1019 392 1096 tonat3
407 1007 581 1078 exundant
598 1011 724 1104 apices,
744 1009 933 1102 fluctusque
951 1006 1090 1078 Pelorus

159 1129 361 1218 enarrabit,
387 1143 421 1197 et
440 1142 555 1224 sperat
572 1127 670 1198 tellus
690 1111 836 1224 abrupta
853 1130 988 1197 reverti.

211 1253 321 1344 Atque
341 1249 396 1319 lric
413 1251 542 1345 ingenti
563 1254 741 1345 Capaneus
760 1249 927 1320 Mavortis
947 1271 1062 1318 amore

160 1371 317 1456 Excitus,
337 1385 371 1439 et
387 1368 526 1466 longam
543 1369 674 1465 pridem
688 1369 899 1466 indignantia
919 1395 1034 1464 pacem

160 1490 275 1563 Corda
292 1506 426 1560 tumens
444 1491 542 1587 (huic
560 1489 673 1585 ampla
688 1489 824 1584 quidem
842 1489 884 1560 de
901 1492 1066 1586 sanguine
1085 1493 1195 1586 priseo

161 1610 330 1683 Nobilitas
349 1639 358 1682 r
377 1611 544 1682 sedenim
563 1613 634 1706 ipse
652 1635 756 1682 uranu
776 1635 981 1707 praegressus
998 1635 1137 1682 avorum

161 1737 280 1820 Facta,
294 1731 352 1802 diu
373 1747 449 1802 tuto
469 1736 639 1828 Superum
656 1746 858 1820 contemtor,
877 1747 911 1802 et
929 1737 1016 1826 aequl

122 1921 124 1924 .
160 1856 360 1949 Impatiens,
378 1853 558 1949 largusque
577 1853 717 1942 animae,
741 1853 842 1923 modo
860 1855 1001 1923 suaserit
1025 1853 1112 1948 ira),

161 1979 262 2047 Unus
281 1990 320 2045 ut
338 1999 357 2043 e
375 1973 466 2044 silvis
479 1973 624 2044 Pholoes
637 1973 810 2044 habitator
825 1998 956 2069 opacae,

160 2101 256 2166 Inter
269 2111 303 2164 et
324 2099 469 2165 AEtnaeos
485 2119 602 2190 aequus
618 2119 822 2190 consurgere
843 2095 978 2180 fratres,

160 2225 251 2290 Ante
275 2217 381 2304 lorea,
401 2217 459 2286 ubi
478 2217 580 2287 turba
597 2216 738 2306 ducum,
760 2214 921 2311 vulgique
942 2217 1128 2304 frementis,

160 2339 380 2434 Amphiarae,
399 2352 494 2420 tuas,
514 2337 628 2428 «Quoe
649 2351 742 2406 tanta
759 2339 908 2433 ignavia,
926 2337 1064 2425 clamat,

161 2457 356 2530 Inachidae?
375 2482 502 2552 vosque
519 2483 541 2529 o
557 2459 648 2528 socio
671 2457 712 2528 de
729 2461 893 2554 sanguine
909 2459 1048 2545 Achivi,

162 2581 291 2669 Unius,
306 2580 373 2650 heu
391 2576 531 2674 pudeat!
551 2578 682 2675 plebeia
698 2580 741 2650 ad
759 2579 875 2650 limina
895 2581 996 2668 civis,

159 2703 229 2771 Tot
244 2700 335 2771 ferro
353 2701 509 2772 accincta
525 2716 660 2797 gentes,
682 2704 870 2796 animisque
890 2718 1017 2796 parate

167 2822 370 2895 Pendem'us?
387 2846 457 2892 non
474 2824 503 2892 si
521 2823 592 2917 ipse
610 2845 694 2894 cavo
713 2823 776 2893 sub
797 2825 922 2895 vertice
943 2821 1098 2920 Cyrrhae,

163 2945 328 3038 Quisquis
345 2945 374 3014 is
391 2959 442 3015 est
460 2943 603 3034 timidis,
621 2945 783 3040 fameque
800 2947 848 3013 ita
866 2945 974 3031 visus,
992 2942 1115 3040 Apollo

162 3065 313 3161 Mugiat,
331 3066 450 3136 insano
467 3066 601 3162 penitus
621 3065 769 3136 seclusus
790 3067 826 3135 in
843 3079 958 3153 antro,

162 3189 366 3282 Exspectare
382 3211 522 3282 queam,
539 3187 621 3256 dnm
638 3185 762 3282 pallida
778 3189 877 3282 virgo
893 3185 1085 3256 tremendas

163 3309 308 3378 Nuntiet
328 3309 497 3404 ambages.
517 3309 637 3379 Virtus
651 3309 734 3378 mihi
753 3333 896 3394 numen,
916 3321 951 3376 et
966 3310 1055 3376 ensis

165 3427 278 3518 Quem
294 3443 391 3500 teneo
408 3455 417 3498 ε
432 3430 570 3524 jamque
590 3429 658 3499 huc
676 3427 796 3498 timida
810 3453 889 3498 cum
905 3427 1026 3498 fraude
1040 3431 1197 3500 sacerdos

164 3553 288 3636 Exeat,
307 3563 369 3620 aut
388 3549 490 3620 hodie
505 3547 682 3620 volucrum
702 3573 777 3644 que
794 3563 887 3618 tanta
907 3563 1055 3644 potestas

165 3670 338 3764 Experiar.
354 3673 514 3740 »Laetum
534 3669 663 3757 fremit,
681 3693 886 3763 assensuque
902 3670 1068 3740 furentem

164 3787 285 3884 Implet
303 3789 422 3861 Achaea
441 3815 586 3860 manus:
607 3790 745 3861 tandem
762 3815 986 3886 prorumpere
1005 3790 1145 3862 adactus

164 3909 339 3998 OEclides,
357 3909 426 3982 alio
441 3937 602 3982 curarum
623 3913 772 4008 agitante
789 3910 963 3983 tumultu:

213 4031 319 4102 aNon
337 4031 492 4126 equidem
510 4031 640 4102 elfreno
656 4033 791 4129 juvenis
809 4033 957 4106 clamore
975 4033 1126 4132 profani,

163 4152 411 4248 Dictorumque
427 4167 537 4244 metu,
556 4152 636 4225 licet
653 4153 710 4224 hie
725 4155 845 4226 insana
862 4155 1026 4244 minetur,
