3200 5142
151 504 194 562 (v.
209 501 294 567 ⁶⁵³.)
508 499 722 560 THEBAIDOS
741 501 850 560 uultu
871 503 894 558 1.
1174 523 1224 577 ¹9¹

151 629 272 696 Irene
291 627 397 721 magis
415 625 529 714 cordi,
548 623 640 722 quod
659 625 807 697 desolata
825 627 1003 699 domorum

151 749 280 817 Tecta
299 743 413 816 vides?
431 748 570 843 ignique
588 747 674 818 datis
689 743 877 818 cultoribus
894 749 1005 818 omnis

154 870 285 937 Lueet
306 866 405 964 ager?
421 865 479 937 sed
499 867 582 963 quid
597 867 699 939 fando
716 882 772 939 tua
790 867 857 938 tela
872 891 1058 964 manusque

154 987 365 1058 Demororl
383 1001 577 1083 exspectant
597 1003 736 1078 matres,
753 1009 975 1084 supremaque
990 988 1138 1060 fundunt

156 1111 270 1178 Vota
290 1107 373 1178 milri
389 1134 398 1177 :
415 1106 585 1180 seuseu:
601 1110 728 1196 merui,
746 1132 789 1178 ne
809 1131 945 1204 parcere
961 1105 1073 1178 velles.

157 1227 323 1298 Proinde
338 1253 437 1299 move
454 1229 644 1324 pharetras,
659 1223 822 1323 arcusque
838 1228 974 1300 intende
992 1251 1147 1320 sonoros,

158 1351 418 1446 Insignemque
434 1351 581 1420 animam
597 1347 666 1421 leto
685 1350 826 1420 demitte
839 1375 848 1420 ε
861 1349 920 1420 sed
934 1349 1044 1439 illum,

162 1466 327 1538 Pallidus
345 1469 493 1542 Inachiis
510 1471 570 1566 qui
584 1457 726 1566 desuper
746 1469 901 1540 imminet
919 1470 1037 1568 Argis,

162 1592 270 1660 Dum
283 1592 421 1678 morior,
438 1589 568 1687 depelle
583 1589 758 1688 globum.»
771 1594 855 1660 Fors
870 1613 966 1686 aequa
980 1604 1145 1662 merentes

163 1712 348 1806 Respicit:
362 1710 537 1781 ardentem
558 1715 668 1782 tenuit
687 1712 874 1782 reverentia
893 1711 992 1782 caedis

166 1831 363 1921 Letoiden,
383 1832 581 1927 tristemque
597 1832 672 1902 vire
687 1833 870 1904 submissus
887 1833 1051 1904 honorem

167 1953 336 2047 Largitur
355 1954 433 2023 vitae
449 1979 457 2022 :
474 1967 590 2030 nosue
607 1952 696 2024 mala
717 1951 831 2023 nubila
849 1952 933 2024 eoelo

169 2072 371 2169 Diffugiunt
388 2099 397 2144 ε
415 2087 449 2144 at
460 2080 504 2144 ’tu
523 2074 700 2172 stupefacti
720 2099 740 2144 a
758 2074 875 2144 limine
896 2075 1013 2145 Phoebi

169 2197 341 2264 Exoratus
362 2195 442 2265 abis.
462 2193 546 2264 Inde
565 2195 637 2266 haec
657 2209 743 2264 stata
760 2218 855 2290 sacra
873 2194 1053 2290 quotannis

173 2312 363 2385 Sollemnes
384 2303 537 2386 recolunt
557 2314 681 2411 epulas,
700 2316 925 2410 Phoebeiaque
943 2315 1054 2411 placat

171 2433 314 2530 Templa
333 2451 476 2506 novatus
494 2438 625 2511 honos:
644 2431 705 2506 has
725 2435 812 2506 forte
828 2437 970 2506 invisitis
990 2461 1067 2506 aras

171 2560 246 2628 Vos
267 2581 341 2652 quae
355 2557 553 2655 progenies?
569 2571 763 2654 quanquam
783 2554 989 2654 Calydonius
1009 2560 1165 2642 OEneus,

171 2680 220 2747 Et
237 2678 463 2768 Parthaoniae,
483 2677 612 2749 dudum
633 2678 661 2748 si
679 2693 791 2748 oertus
807 2678 849 2749 ad
869 2703 966 2748 aures
1070 2707 1073 2714 ¹

172 2796 313 2869 Clamor
326 2802 383 2890 iit,
402 2789 464 2869 tibi
477 2801 555 2894 jura
571 2796 710 2886 domus;
731 2813 767 2867 tu
789 2797 916 2893 pande,
936 2799 1136 2895 quietisque

171 2916 360 3007 Advenias,
379 2919 514 3013 quando
528 2919 600 2990 haee
616 2918 717 2989 variis
737 2919 948 2988 sermonibus
963 2920 1047 2990 hora
1068 2931 1127 2990 est.
1138 2949 1154 2982 n

224 3040 361 3134 Dejecit'
371 3053 505 3110 moestos
521 3038 691 3135 extemplo
710 3039 874 3108 Ismenius
889 3039 987 3110 heros

171 3164 215 3228 In
236 3174 359 3230 terram
380 3161 508 3247 vultus,
528 3162 696 3255 taciteque
711 3160 754 3229 ad
770 3159 884 3254 Tydea
901 3157 1017 3230 lesum

173 3278 363 3373 Obliquare'
375 3278 490 3351 oculos
506 3305 514 3348 t
530 3295 602 3350 tum
620 3279 720 3376 longa
738 3278 869 3364 silentia
886 3281 1032 3349 moritu
1076 3343 1079 3350 ,

224 3401 329 3472 «Non
346 3385 449 3497 super
457 3393 660 3504 ho‘sflDivum
676 3400 737 3472 tibi
754 3423 830 3470 sum
845 3399 1047 3494 quarendus
1064 3401 1223 3491 honores,
1268 3391 1272 3400 ’

174 3521 275 3591 Unde
294 3531 418 3618 genus,
435 3547 510 3618 quae
528 3535 618 3590 terra
635 3519 719 3590 mihi
733 3547 742 3588 ε
756 3522 833 3616 quis
849 3520 974 3590 defluat
994 3519 1079 3590 ordo

173 3639 353 3738 Sanguinis
370 3643 519 3736 antiqui,
540 3643 633 3736 piget
649 3643 740 3712 inter
759 3665 853 3712 sacra
872 3641 980 3712 fateri.

174 3763 239 3836 Sed
258 3763 285 3832 si
304 3763 516 3859 praecipitant
532 3765 693 3833 miserum
710 3763 912 3858 cognoscere
930 3787 1038 3856 curte,

174 3884 322 3954 Cadmus
340 3887 436 3980 origo
451 3900 602 3979 patruum
623 3882 722 3954 tellus
740 3883 1056 3970 Mavortia¹Thebe3

174 4009 217 4074 Et
236 4007 381 4101 genitrix
396 4009 528 4076 Iocasta
543 4005 646 4074 mihi:
662 4033 678 4068 n
699 4018 773 4072 tum
795 4019 907 4073 motus
923 4003 1084 4074 Adrastus

174 4126 351 4220 Hospitiis,
370 4126 508 4221 agnovit
523 4125 634 4216 enim;
653 4124 763 4219 «quid
783 4137 863 4192 nota
880 4122 1056 4193 recondis?
