3080 5136
49 518 92 582 (v.
108 516 187 579 411.)
373 511 629 570 tentaremus
650 511 764 568 LIBER
785 513 808 566 1.
1064 510 1121 578 273

51 643 183 710 Litore
203 639 369 735 Abydeno
387 642 488 710 maris
510 637 627 736 alligat
644 637 736 712 unda
756 639 903 734 superni.

53 765 192 829 Fervet
206 785 303 830 amor
320 758 420 848 belli,
439 784 686 854 concussasque
700 760 800 853 erigit
820 759 929 828 urbes.

53 883 144 949 AEra
163 880 304 951 domant
320 884 467 952 Temesae
485 909 493 951 τ
513 884 665 977 quatitur
684 879 861 950 navalibus
877 904 938 948 ora

53 1004 219 1072 Eubois:
241 1006 417 1074 innumera
436 1018 595 1074 resonant
612 1003 734 1073 incude
753 1005 904 1096 Mycenae
924 1025 932 1068 :

54 1124 140 1192 Pisa
161 1141 264 1194 novat
285 1150 403 1194 currus
424 1129 576 1198 :Nemee
596 1126 655 1198 dat
673 1140 768 1221 terga
785 1122 933 1192 ferarum
953 1147 960 1190 :

56 1247 192 1317 Cirrha
217 1245 418 1342 sagittiferas
436 1261 544 1317 certat
560 1247 685 1340 stipare
702 1246 878 1341 pharetras
897 1269 905 1312 ε

56 1369 178 1435 Lerna
197 1391 315 1461 mares
334 1365 468 1463 clypeos
487 1368 579 1437 caesis
599 1368 721 1437 vestire
736 1365 902 1461 juvencis.

58 1491 136 1556 Dat
155 1485 245 1556 bello
262 1488 390 1582 pedites
409 1487 555 1578 AEtolus,
571 1504 604 1557 et
624 1513 723 1578 asper
738 1493 893 1560 Acarnan
913 1512 921 1554 τ

60 1612 179 1702 Argos
197 1609 267 1703 agit
286 1623 413 1678 turmas
434 1637 442 1679 :
462 1626 651 1682 vacuantur
669 1631 792 1705 pascua
810 1609 889 1678 ditis

60 1727 220 1798 Arcadiae
240 1728 376 1799 :frenat
396 1729 521 1800 celeres
538 1732 660 1826 Epiros
677 1730 832 1800 alumnos
852 1758 861 1799 :

62 1849 207 1936 Phocis,
228 1864 261 1919 et
275 1852 394 1928 Aoniae
408 1850 529 1945 jaculis
550 1853 718 1922 rarescitis
734 1852 860 1921 umbrae
881 1878 889 1920 :

62 1973 248 2039 Murorum
264 1985 435 2042 tormenta
450 1971 550 2067 Pylos
571 1976 798 2067 Messanaque
816 1972 971 2041 tendunt.

64 2088 174 2162 Nulla
190 2093 349 2162 immunis
364 2093 489 2164 humus
508 2121 516 2163 :
538 2092 712 2164 velluntur
730 2093 884 2190 postibus
902 2091 979 2163 altis

65 2219 173 2282 Anna
190 2212 272 2283 olim
289 2215 424 2284 dimissa
442 2229 595 2309 patrum,
617 2215 826 2311 flammisque
843 2215 1035 2311 liquescunt

65 2338 170 2404 Dona
187 2338 297 2404 Deum
320 2360 328 2404 :
346 2351 482 2432 raptum
498 2337 638 2431 Superis
652 2339 746 2406 Mars
762 2336 880 2406 ellerat
899 2359 1031 2406 aurum.

67 2456 245 2549 Nusquam
260 2456 387 2526 umbrae
401 2471 530 2526 veteres
545 2482 554 2526 t
568 2458 683 2550 minor¹
689 2457 834 2554 Othrys,
846 2471 880 2526 et
891 2456 997 2525 ardua
1011 2456 1126 2525 sidunt

67 2559 238 2670 Taygeta,
252 2576 343 2647 exuti
362 2577 522 2648 viderunt
538 2601 616 2648 aera
634 2593 776 2647 montes.

69 2699 90 2765 J
92 2721 144 2764 am
166 2711 260 2766 natat
278 2721 377 2766 omne
395 2723 514 2769 nemus
533 2723 541 2767 :
561 2699 738 2770 caeduntur
756 2700 881 2769 robora
899 2699 995 2768 classi
1014 2725 1022 2766 ε

71 2816 162 2887 Silva
183 2819 295 2889 minor
314 2821 415 2889 remis
440 2819 593 2890 :ferrum
610 2819 746 2890 laxatur
761 2821 804 2889 ad
826 2845 905 2889 usus

70 2941 290 3027 Innumeros,
306 2939 398 3036 quod
414 2957 524 3012 rostra
543 2940 639 3038 liget,
660 2941 753 3036 quod
771 2943 903 3010 muniat
920 2965 1031 3020 amna,

72 3057 251 3156 Belligeros
272 3062 363 3156 quod
382 3062 491 3134 frenet
511 3087 630 3156 equos,
651 3061 742 3155 quod
762 3060 855 3130 mille
872 3063 998 3131 catenis

74 3178 271 3273 squalentes
288 3196 401 3254 nectat
417 3183 570 3269 tunicas,
585 3181 678 3277 quod
696 3185 860 3277 sanguine
876 3181 999 3264 fumet,
1107 3277 1110 3282 Ι

73 3300 289 3398 Vulneraque
304 3300 372 3373 alta
387 3303 501 3390 bibat,
518 3302 609 3398 quod
626 3304 843 3397 conspirante
861 3327 994 3372 veneno

75 3413 229 3516 Impellat
249 3439 373 3494 mortes
393 3451 404 3494 ι
421 3439 632 3520 tenuantque
650 3425 828 3494 humentia
848 3445 925 3494 saxa

74 3545 215 3630 Attrita,
231 3559 264 3616 et
282 3545 388 3640 nigris
401 3543 533 3616 addunt
548 3546 766 3617 mucronibus
784 3549 862 3616 iras.
947 3617 949 3624 ,

75 3667 145 3736 Nec
164 3665 306 3753 modus,
327 3683 385 3738 aut
402 3691 500 3738 arcus
521 3666 671 3755 lentare,
688 3683 749 3737 aut
765 3667 907 3741 fundere
924 3666 1079 3764 glandes,

79 3791 144 3856 Aut
159 3799 288 3858 torrere
305 3787 424 3874 sudes,
441 3786 619 3885 galeasque
637 3787 791 3860 attollere
810 3792 914 3860 conis.

77 3909 144 3975 Hos
163 3907 251 3977 inter
269 3923 382 3977 motus
403 3911 542 4004 pigram
557 3912 662 4006 gemit
678 3935 739 3999 ora
755 3912 901 4006 quietem

77 4027 258 4117 Thessalis,
276 4044 310 4102 et
331 4030 473 4125 geminis
493 4031 624 4101 incusat
642 4031 710 4101 fatu
730 4003 892 4127 querelis,

80 4147 176 4237 Quod
193 4151 306 4220 senior
321 4149 460 4241 Peleus,
478 4155 540 4222 nec
557 4152 670 4222 adhuc
687 4169 839 4223 maturus
855 4153 1010 4224 Achilles.

221 4297 256 4342 u.
682 4299 687 4308 ·
954 4279 994 4348 18
1027 4333 1032 4341 .
