3094 5140
119 436 251 498 <anas
436 435 651 494 ruminor
673 435 782 494 usna
806 437 842 494 x.
1124 453 1177 514 ¹99

119 559 369 656 Dedignantem
384 576 476 639 artus
494 563 641 658 pridem,
662 579 882 658 moestamque
902 566 1006 634 teucri

117 684 268 778 Arripit,
288 698 390 778 atque
405 709 476 755 uno
490 687 664 780 quesitam
681 684 821 756 vulnere
834 687 972 780 rumpit.
984 731 1005 740 .,

118 807 292 906 Sanguine
309 821 391 874 tunc
407 809 536 900 spargit
549 817 729 894 turres,et
739 807 865 880 'rutenia
879 805 1019 896 lustrat,

118 929 231 1021 Seque
245 951 348 1022 super
364 925 491 997 medias
504 930 610 1016 acies,
629 928 779 1003 nondum
793 953 874 1000 ense
888 923 1042 1014 remisso,

117 1049 222 1134 Jecit,
239 1062 274 1117 et
291 1048 327 1118 iu
345 1048 582 1120 savos-eadere
598 1064 647 1119 est
665 1065 805 1132 conatus
820 1052 975 1122 Achivos.

119 1167 297 1242 astitum
315 1169 475 1264 amplerae
495 1174 606 1242 Pietas
623 1175 827 1268 Virtusque,
847 1171 999 1243 ferebant

119 1293 261 1361 Leniter
280 1291 324 1362 ad
342 1307 448 1363 terras
465 1315 588 1390 corpus
606 1317 614 1363 ε
632 1296 700 1390 jam
719 1295 858 1390 spiritus
878 1293 959 1366 oiim

119 1418 212 1486 Ante
226 1417 364 1506 torem,
384 1433 419 1487 et
435 1417 577 1488 summis
592 1421 723 1514 apicem
739 1419 802 1490 sibi
814 1419 930 1513 ,poscit
946 1420 981 1488 in
996 1419 1105 1487 astris.

170 1541 314 1632 Jamque
333 1540 423 1609 intra
441 1540 556 1610 muros
572 1539 668 1633 nullo
685 1529 808 1614 sudore
823 1553 998 1636 receptum
1064 1521 1068 1528 ’

121 1659 321 1730 Gaudenter
336 1659 442 1730 heroa
460 1662 574 1732 ferunt
591 1689 600 1760 ς
621 1664 825 1733 abscesserat
840 1661 930 1734 ttltro

121 1780 340 1852 Tantalidum
356 1789 516 1860 venerata
536 1783 657 1854 cohors
675 1809 683 1854 t
704 1784 796 1854 su'bit
811 1785 946 1880 agmine
967 1784 1071 1879 longo

121 1903 221 1974 Colla
238 1906 524 2000 inter-juvenum,
541 1904 689 2004 laetisque
704 1906 874 1992 favoribus
891 1907 984 1976 omni
1021 1983 1023 1986 ¹

121 2027 325 2096 Concinitur
344 2027 461 2122 vulgo,
482 2028 651 2100 Cadmum
672 2043 774 2124 atque
793 2029 987 2123 Amphiona
1006 2051 1107 2123 supra

122 2146 289 2221 Conditor
306 2175 314 2217 ε
334 2150 370 2218 hi
385 2151 497 2239 sertis,
518 2151 553 2220 hi
574 2153 661 2220 veris
683 2149 813 2220 honore
831 2148 942 2220 soluto

101 2268 348 2360 ,Accumulant
367 2285 478 2360 artus,
500 2273 676 2367 patriaque
696 2274 730 2340 in
750 2268 829 2342 sede
850 2287 1021 2366 reponunt

121 2395 259 2486 Corpus
277 2391 478 2462 adoratum:
496 2402 656 2488 repetunt
672 2419 750 2464 mox
766 2391 855 2463 bella
875 2393 1017 2486 peractis

121 2512 321 2584 Laudibus:
343 2515 398 2584 hic
416 2516 505 2584 victa
519 2516 654 2611 genitor
675 2512 899 2609 lacrymabilis
915 2515 964 2586 ir‘a

122 2637 318 2730 Congemit,
334 2651 368 2705 et
384 2635 520 2706 tandem
536 2637 639 2706 matri
656 2635 734 2706 data
754 2635 834 2706 flere
851 2651 999 2731 potestas
1016 2663 1024 2705 ε
1041 2691 1044 2704 ,

174 2755 443 2831 «Lustralemne
463 2757 543 2828 seris
561 2783 623 2853 ego
642 2773 692 2847 te,
713 2783 799 2854 puer
815 2756 958 2852 inclyte,
975 2757 1119 2846 Thebis,

121 2884 363 2973 Devotumque
383 2893 505 2974 caput,
523 2877 600 2949 tilis
617 2900 678 2950 cett
698 2888 806 2950 mater
824 2875 982 2949 alebam?

122 3001 226 3090 Quod
246 2999 363 3070 molita
380 2999 499 3070 nefas?
518 3002 573 3074 cui
592 3011 725 3070 tantum
745 3001 853 3069 invisa
872 2999 1047 3070 Deorum?

122 3125 203 3192 Non
220 3146 284 3217 ego
299 3121 515 3192 monstrifero
527 3122 619 3192 coitu
636 3119 788 3190 revoluta
809 3122 924 3192 notati

121 3243 287 3337 Pignora,
307 3267 370 3312 nec
386 3256 466 3311 nato
485 3244 601 3338 peperi
619 3240 753 3312 funesta
771 3251 922 3336 nepotes.

122 3362 216 3451 Quid
236 3363 362 3434 referti
384 3363 484 3434 hahet
504 3381 580 3432 ecce
601 3385 679 3432 suos
699 3366 846 3450 Iocasta,
866 3363 1033 3456 ducesque

121 3490 382 3581 Regnantcsquc
398 3484 511 3554 videt:
530 3511 591 3555 nos
610 3499 695 3555 saeta
716 3482 849 3579 piacula
869 3481 957 3553 bello

122 3611 268 3696 Demus,
287 3623 326 3676 ut
338 3607 494 3698 alternis,
512 3607 620 3704 placet
640 3609 705 3677 hoc
724 3607 785 3676 tibi
805 3605 955 3678 fulminis
973 3621 1107 3692 auctor,

122 3728 368 3825 OEdipodionii
387 3744 520 3800 mutent
540 3729 730 3800 diademata
753 3728 882 3798 fratres.
947 3765 950 3771 ·

122 3851 216 3940 Quid
233 3854 402 3945 Superos,
422 3851 618 3926 hominesve
639 3847 788 3946 queror?
811 3861 866 3941 tu,
884 3877 968 3920 saeve
987 3851 1193 3934 Menoeceu,

120 3973 343 4042 Tu'miseram
358 3988 436 4042 ante
452 3991 569 4041 omues
586 3973 776 4069 properasti
792 3973 1006 4068 exstinguere
1025 3985 1178 4040 matrem.

124 4093 226 4164 Unde
244 4095 301 4162 hic
320 4096 441 4164 mortis
457 4095 573 4164 amor?
595 4119 670 4186 quae
686 4117 781 4164 sacra
801 4094 932 4162 insania
951 4092 1084 4160 menti?
