3172 5142
426 476 480 547 146
631 500 635 509 ’
729 475 942 533 ‘rnenttnos
964 475 1078 533 LIBER
1093 477 1143 532 tx.
1359 491 1399 556 (r.
1413 497 1489 554 „5¹3

421 604 582 673 Vertitur.
603 595 776 671 Imbellem
794 625 862 668 non
883 601 931 670 sic
949 599 1103 695 amplexa
1118 601 1301 694 juvencum

420 724 603 793 Infestante
621 717 717 817 lupo,
737 746 842 816 quum
857 721 1006 816 primum
1026 720 1107 792 foeta
1125 735 1238 792 tuetur

420 847 546 929 Mater,
566 858 598 914 et
615 843 752 936 ancipiti
772 841 964 910 circumfert
976 865 1104 911 cornua
1122 867 1227 936 gyro:

420 969 498 1060 Ipsa
520 963 604 1033 nihil
624 979 793 1047 metuens,
814 985 977 1056 sexusque
996 961 1102 1032 oblita
1122 965 1281 1052 minoris,

419 1088 577 1180 Spumat,
592 1100 625 1154 et
645 1087 796 1180 ingentes
818 1085 969 1154 imitatur
988 1083 1111 1154 femina
1133 1099 1259 1154 tauros.

467 1204 618 1276 Tandem
636 1207 825 1274 intermissa
844 1203 1054 1298 jaculantem
1073 1205 1162 1273 nube
1179 1219 1327 1298 potestas

419 1326 574 1396 Reddere
592 1324 658 1396 tela
677 1325 741 1394 fuit
756 1351 764 1393 :
782 1349 925 1419 namque
944 1339 977 1393 et
993 1325 1168 1418 Sicyonius
1188 1323 1295 1394 Alcon

419 1453 566 1518 Venerat
585 1445 728 1532 auxilio,
747 1448 917 1539 Pisaeaque
934 1447 1090 1540 praepetis
1108 1444 1175 1514 ldae

418 1571 532 1640 Turba
549 1569 656 1654 subit,
675 1591 885 1660 cuneumque
901 1565 1033 1659 replent
1049 1592 1057 1634 :
1075 1567 1126 1634 bis
1142 1565 1246 1635 fretus
1270 1567 1304 1633 in
1323 1567 1449 1636 hostes

418 1693 590 1760 Lernaeam
608 1691 690 1782 jacit
710 1691 780 1784 ipse
802 1689 951 1758 trabem:
971 1687 1062 1757 volat
1081 1688 1134 1756 illa
1152 1690 1283 1784 sagittis

419 1813 527 1904 AEqua
546 1809 642 1904 fuga,
662 1810 877 1903 mediumque
897 1807 981 1878 nibil
1001 1824 1158 1879 cunctata
1175 1808 1306 1880 Politen

417 1931 614 2018 Transabit,
633 1945 666 1999 et
682 1932 790 2024 juncti
810 1929 964 2025 clypeum
983 1945 1080 2000 cavat
1095 1931 1250 2024 improba
1269 1933 1400 2026 Mopsi.

417 2050 547 2120 Phocea
566 2066 647 2119 tunc
667 2049 824 2143 Cydona,
842 2053 1130 2146 'l'anagreeumque
1149 2049 1370 2136 Phalantum,

417 2175 527 2264 Atque
542 2174 698 2266 Erycem,
713 2172 802 2238 bunc
818 2186 907 2240 retro
923 2193 1142 2259 conversum,
1157 2185 1191 2239 et
1203 2168 1268 2240 tela
1284 2187 1479 2266 petentem,

416 2294 507 2360 Dum
526 2315 601 2385 spes
619 2289 710 2359 nulla
729 2293 841 2378 necis,
858 2293 979 2360 crinito
995 2315 1013 2360 a
1032 2293 1156 2360 vertice
1172 2291 1255 2385 figit.

417 2410 583 2480 Faucibus
604 2409 660 2478 ille
681 2411 771 2478 cavis
791 2411 920 2480 hastam
941 2435 1008 2481 non
1027 2435 1087 2481 ore
1105 2423 1273 2504 receptam

418 2533 563 2600 Miratur
580 2532 746 2618 moriens,
767 2533 959 2626 pariterque
979 2546 1012 2600 et
1031 2555 1203 2600 murmure
1222 2529 1345 2624 plenus

417 2653 578 2744 Sanguis,
599 2665 633 2719 et
652 2650 782 2746 expulsi
805 2651 966 2721 salierunt
986 2651 1125 2746 cuspide
1142 2651 1269 2720 dentes.

416 2776 525 2840 Ausus
545 2785 617 2840 erat
633 2772 722 2842 furto
742 2771 895 2841 dextram
915 2773 1076 2865 injectare
1094 2776 1262 2841 Leonteus

415 2893 506 2960 Pone
525 2892 613 2960 viros
630 2906 731 2985 atque
746 2915 838 2960 arma
858 2890 981 2980 latens,
1001 2893 1214 2986 positumque
1233 2891 1392 2960 trahebat

413 1627 417 1676 l

415 3013 539 3080 Prenso
559 3011 651 3080 crine
669 3027 772 3105 caput
791 3039 798 3079 :
816 3011 917 3099 vidit,
938 3035 1131 3106 quanquam
1150 3010 1299 3104 undique
1316 3013 1448 3080 crebre

414 3131 649 3226 Hippomedon
668 3147 745 3200 ante
762 3157 821 3201 ora
843 3135 956 3222 minae,
977 3157 1131 3226 savoque
1150 3147 1345 3226 protervam

415 3251 564 3321 Abstulit
578 3277 655 3321 ense
666 3277 818 3339 manum;
834 3252 931 3322 simul
942 3255 1090 3347 increpat
1101 3281 1107 3320 :
1120 3257 1235 3320 «Hanc
1250 3251 1458 3346 tibiTydeus

413 3371 544 3466 Tydeus
564 3374 634 3467 ipse
653 3375 759 3468 rapit:
775 3389 899 3468 postet
914 3375 1065 3444 confecta
1083 3376 1232 3442 virorum

399 3498 496 3563 ,Fata
515 3496 612 3581 time,
635 3521 841 3591 magnosque
861 3497 961 3565 miser
981 3497 1060 3592 fuge
1084 3512 1220 3590 tangere
1241 3519 1395 3564 manes.»

413 3617 479 3683 Ter
499 3615 654 3685 Cadmoea
675 3615 822 3711 phalanx
842 3599 977 3686 torvum
996 3617 1165 3686 abduxere
1185 3616 1339 3702 cadaver,

412 3738 477 3805 Ter
497 3736 673 3805 retrahunt
691 3739 809 3806 Danai.
829 3736 932 3806 Siculi
951 3737 1042 3806 velut
1057 3740 1155 3806 anxia
1170 3739 1293 3832 puppis

412 3855 583 3924 Seditione
601 3858 722 3946 maris,
742 3861 964 3953 nequicquam
982 3857 1139 3927 obstante
1159 3859 1337 3952 magistro,

413 3979 532 4060 Errat,
549 3992 583 4045 et
600 4002 720 4047 averso
738 3979 824 4048 redit
843 3981 877 4046 in
894 3979 1034 4073 vestigia
1052 3975 1136 4046 velo.

462 4099 540 4166 Non
562 4099 607 4166 ibi
628 4099 774 4167 Sidoniae
794 4099 972 4169 valuissent
990 4093 1112 4192 pellere
1134 4121 1244 4191 coepto
