<?xml version="1.0" encoding="UTF-8"?>
<!DOCTYPE html PUBLIC "-//W3C//DTD XHTML 1.0 Transitional//EN"
    "http://www.w3.org/TR/xhtml1/DTD/xhtml1-transitional.dtd">
<html xmlns="http://www.w3.org/1999/xhtml" xml:lang="en" lang="en">
 <head>
  <title>
</title>
<meta http-equiv="Content-Type" content="text/html;charset=utf-8" />
  <meta name='ocr-system' content='tesseract 3.04.00' />
  <meta name='ocr-capabilities' content='ocr_page ocr_carea ocr_par ocr_line ocrx_word'/>
</head>
<body>
  <div class='ocr_page' id='page_1' title='image "./operaquaeextant00dbgoog_0594.png"; bbox 0 0 3094 5140; ppageno 0'>
   <div class='ocr_carea' id='block_1_1' title="bbox 100 495 1160 562">
    <p class='ocr_par' dir='ltr' id='par_1_1' title="bbox 100 495 1160 562">
     <span class='ocr_line' id='line_1_1' title="bbox 100 495 1160 562; baseline 0.003 -14"><span class='ocrx_word' id='word_1_1' title='bbox 100 503 218 562; x_wconf 62' lang='lat' dir='ltr'><strong>(mas-l</strong></span> <span class='ocrx_word' id='word_1_2' title='bbox 396 497 615 554; x_wconf 78' lang='lat' dir='ltr'><strong>Tuuutlnos</strong></span> <span class='ocrx_word' id='word_1_3' title='bbox 637 495 749 552; x_wconf 81' lang='lat' dir='ltr'>LIBER</span> <span class='ocrx_word' id='word_1_4' title='bbox 771 497 841 556; x_wconf 80' lang='lat' dir='ltr'>x11.</span> <span class='ocrx_word' id='word_1_5' title='bbox 1087 495 1160 552; x_wconf 73' lang='lat'><strong>‘255</strong></span> 
     </span>
    </p>
   </div>
   <div class='ocr_carea' id='block_1_2' title="bbox 16 601 1138 4118">
    <p class='ocr_par' dir='ltr' id='par_1_2' title="bbox 16 601 1065 2421">
     <span class='ocr_line' id='line_1_2' title="bbox 150 601 1065 694; baseline -0.002 0"><span class='ocrx_word' id='word_1_6' title='bbox 150 630 250 694; x_wconf 89' lang='lat' dir='ltr'><strong>Hunc</strong></span> <span class='ocrx_word' id='word_1_7' title='bbox 267 622 385 692; x_wconf 89' lang='lat' dir='ltr'><strong>saltem</strong></span> <span class='ocrx_word' id='word_1_8' title='bbox 403 624 536 694; x_wconf 88' lang='lat' dir='ltr'><strong>miseris</strong></span> <span class='ocrx_word' id='word_1_9' title='bbox 556 621 679 692; x_wconf 88' lang='lat' dir='ltr'><strong>ductor</strong></span> <span class='ocrx_word' id='word_1_10' title='bbox 696 601 879 692; x_wconf 85' lang='lat' dir='ltr'><strong>Thehanus</strong></span> <span class='ocrx_word' id='word_1_11' title='bbox 897 621 1065 692; x_wconf 90' lang='lat' dir='ltr'><strong>honorem</strong></span> 
     </span>
     <span class='ocr_line' id='line_1_3' title="bbox 100 743 1035 841; baseline -0.003 -26"><span class='ocrx_word' id='word_1_12' title='bbox 100 747 263 841; x_wconf 80' lang='lat' dir='ltr'><strong>Largitur</strong></span> <span class='ocrx_word' id='word_1_13' title='bbox 283 745 431 832; x_wconf 82' lang='lat' dir='ltr'>Danais,</span> <span class='ocrx_word' id='word_1_14' title='bbox 446 743 539 839; x_wconf 91' lang='lat' dir='ltr'><strong>quod</strong></span> <span class='ocrx_word' id='word_1_15' title='bbox 556 769 627 814; x_wconf 89' lang='lat' dir='ltr'><strong>non</strong></span> <span class='ocrx_word' id='word_1_16' title='bbox 648 767 749 838; x_wconf 89' lang='lat' dir='ltr'><strong>super</strong></span> <span class='ocrx_word' id='word_1_17' title='bbox 770 744 842 838; x_wconf 89' lang='lat' dir='ltr'><strong>ipsa</strong></span> <span class='ocrx_word' id='word_1_18' title='bbox 860 745 1035 838; x_wconf 86' lang='lat' dir='ltr'><strong>jacentum</strong></span> 
     </span>
     <span class='ocr_line' id='line_1_4' title="bbox 16 863 1014 962; baseline -0.002 -26"><span class='ocrx_word' id='word_1_19' title='bbox 16 911 19 948; x_wconf 75' lang='lat'>;</span> <span class='ocrx_word' id='word_1_20' title='bbox 101 870 256 961; x_wconf 76' lang='lat' dir='ltr'>Corpora</span> <span class='ocrx_word' id='word_1_21' title='bbox 273 863 453 962; x_wconf 86' lang='lat' dir='ltr'><strong>belligeras</strong></span> <span class='ocrx_word' id='word_1_22' title='bbox 471 865 578 953; x_wconf 90' lang='lat' dir='ltr'><strong>acies,</strong></span> <span class='ocrx_word' id='word_1_23' title='bbox 596 867 810 959; x_wconf 87' lang='lat' dir='ltr'><strong>Martemque</strong></span> <span class='ocrx_word' id='word_1_24' title='bbox 826 864 1014 934; x_wconf 88' lang='lat' dir='ltr'><strong>secundum</strong></span> 
     </span>
     <span class='ocr_line' id='line_1_5' title="bbox 16 985 980 1081; baseline -0.004 -23"><span class='ocrx_word' id='word_1_25' title='bbox 16 1043 19 1072; x_wconf 31' lang='grc' dir='ltr'><strong><em>ς</em></strong></span> <span class='ocrx_word' id='word_1_26' title='bbox 101 989 241 1058; x_wconf 84' lang='lat' dir='ltr'><strong>Miscuit</strong></span> <span class='ocrx_word' id='word_1_27' title='bbox 256 1013 264 1056; x_wconf 74' lang='grc' dir='ltr'><strong><em>ε</em></strong></span> <span class='ocrx_word' id='word_1_28' title='bbox 279 1002 315 1057; x_wconf 87' lang='lat' dir='ltr'><strong>at</strong></span> <span class='ocrx_word' id='word_1_29' title='bbox 331 987 442 1059; x_wconf 87' lang='lat' dir='ltr'><strong>lacera</strong></span> <span class='ocrx_word' id='word_1_30' title='bbox 462 986 603 1081; x_wconf 90' lang='lat' dir='ltr'><strong>nequid</strong></span> <span class='ocrx_word' id='word_1_31' title='bbox 624 986 666 1056; x_wconf 87' lang='lat' dir='ltr'><strong>de</strong></span> <span class='ocrx_word' id='word_1_32' title='bbox 685 1000 796 1080; x_wconf 86' lang='lat' dir='ltr'><strong>strage</strong></span> <span class='ocrx_word' id='word_1_33' title='bbox 815 985 980 1056; x_wconf 87' lang='lat' dir='ltr'><strong>nefandus</strong></span> 
     </span>
     <span class='ocr_line' id='line_1_6' title="bbox 103 1109 859 1205; baseline 0 -28"><span class='ocrx_word' id='word_1_34' title='bbox 103 1109 280 1199; x_wconf 90' lang='lat' dir='ltr'><strong>Perderet,</strong></span> <span class='ocrx_word' id='word_1_35' title='bbox 297 1109 558 1205; x_wconf 77' lang='lat' dir='ltr'><strong>eligitur-saevos</strong></span> <span class='ocrx_word' id='word_1_36' title='bbox 577 1125 711 1205; x_wconf 80' lang='lat' dir='ltr'><strong>potura</strong></span> <span class='ocrx_word' id='word_1_37' title='bbox 721 1131 859 1178; x_wconf 90' lang='lat' dir='ltr'><strong>cruores</strong></span> 
     </span>
     <span class='ocr_line' id='line_1_7' title="bbox 101 1229 998 1326; baseline 0 -26"><span class='ocrx_word' id='word_1_38' title='bbox 101 1234 207 1300; x_wconf 90' lang='lat' dir='ltr'><strong>Terra</strong></span> <span class='ocrx_word' id='word_1_39' title='bbox 227 1231 322 1302; x_wconf 90' lang='lat' dir='ltr'><strong>rudis</strong></span> <span class='ocrx_word' id='word_1_40' title='bbox 339 1259 347 1302; x_wconf 73' lang='grc' dir='ltr'><strong>ε</strong></span> <span class='ocrx_word' id='word_1_41' title='bbox 365 1233 503 1326; x_wconf 87' lang='lat' dir='ltr'><strong>jamque</strong></span> <span class='ocrx_word' id='word_1_42' title='bbox 523 1229 671 1301; x_wconf 86' lang='lat' dir='ltr'><strong>alternas</strong></span> <span class='ocrx_word' id='word_1_43' title='bbox 689 1233 724 1300; x_wconf 94' lang='lat' dir='ltr'><strong>in</strong></span> <span class='ocrx_word' id='word_1_44' title='bbox 741 1230 861 1326; x_wconf 82' lang='lat' dir='ltr'><strong>proelia</strong></span> <span class='ocrx_word' id='word_1_45' title='bbox 880 1245 998 1326; x_wconf 80' lang='lat' dir='ltr'>gentes</span> 
     </span>
     <span class='ocr_line' id='line_1_8' title="bbox 103 1352 1005 1447; baseline -0.002 -23"><span class='ocrx_word' id='word_1_46' title='bbox 103 1352 285 1424; x_wconf 90' lang='lat' dir='ltr'><strong>Dissimilis</strong></span> <span class='ocrx_word' id='word_1_47' title='bbox 304 1353 444 1425; x_wconf 82' lang='lat' dir='ltr'>Bellona</span> <span class='ocrx_word' id='word_1_48' title='bbox 464 1356 556 1425; x_wconf 87' lang='lat' dir='ltr'><strong>ciet:</strong></span> <span class='ocrx_word' id='word_1_49' title='bbox 576 1379 646 1424; x_wconf 90' lang='lat' dir='ltr'><strong>non</strong></span> <span class='ocrx_word' id='word_1_50' title='bbox 666 1352 795 1424; x_wconf 91' lang='lat' dir='ltr'><strong>clamor</strong></span> <span class='ocrx_word' id='word_1_51' title='bbox 816 1355 1005 1447; x_wconf 82' lang='lat' dir='ltr'><strong>utrimque,</strong></span> 
     </span>
     <span class='ocr_line' id='line_1_9' title="bbox 102 1475 990 1571; baseline 0.002 -27"><span class='ocrx_word' id='word_1_52' title='bbox 102 1477 183 1545; x_wconf 87' lang='lat' dir='ltr'><strong>Non</strong></span> <span class='ocrx_word' id='word_1_53' title='bbox 199 1477 370 1570; x_wconf 84' lang='lat' dir='ltr'><strong>utrimque</strong></span> <span class='ocrx_word' id='word_1_54' title='bbox 388 1476 502 1546; x_wconf 78' lang='lat' dir='ltr'><strong>tubae:</strong></span> <span class='ocrx_word' id='word_1_55' title='bbox 522 1491 589 1546; x_wconf 82' lang='lat' dir='ltr'><strong>stat</strong></span> <span class='ocrx_word' id='word_1_56' title='bbox 606 1476 726 1546; x_wconf 88' lang='lat' dir='ltr'><strong>debilis</strong></span> <span class='ocrx_word' id='word_1_57' title='bbox 745 1475 851 1547; x_wconf 89' lang='lat' dir='ltr'><strong>altera</strong></span> <span class='ocrx_word' id='word_1_58' title='bbox 867 1476 990 1571; x_wconf 88' lang='lat' dir='ltr'><strong>pubes,</strong></span> 
     </span>
     <span class='ocr_line' id='line_1_10' title="bbox 104 1597 1034 1692; baseline 0.002 -26"><span class='ocrx_word' id='word_1_59' title='bbox 104 1597 295 1668; x_wconf 89' lang='lat' dir='ltr'><strong>Submissos</strong></span> <span class='ocrx_word' id='word_1_60' title='bbox 314 1621 410 1668; x_wconf 81' lang='lat' dir='ltr'><strong>enses</strong></span> <span class='ocrx_word' id='word_1_61' title='bbox 428 1598 673 1692; x_wconf 86' lang='lat' dir='ltr'><strong>nequicquam,</strong></span> <span class='ocrx_word' id='word_1_62' title='bbox 689 1613 890 1692; x_wconf 85' lang='lat' dir='ltr'><strong>amentaque</strong></span> <span class='ocrx_word' id='word_1_63' title='bbox 906 1597 1034 1668; x_wconf 87' lang='lat' dir='ltr'><strong>dextris</strong></span> 
     </span>
     <span class='ocr_line' id='line_1_11' title="bbox 103 1717 1015 1815; baseline 0.003 -28"><span class='ocrx_word' id='word_1_64' title='bbox 103 1723 197 1788; x_wconf 83' lang='lat' dir='ltr'><strong>Loxa</strong></span> <span class='ocrx_word' id='word_1_65' title='bbox 218 1733 336 1789; x_wconf 91' lang='lat' dir='ltr'><strong>tenens</strong></span> <span class='ocrx_word' id='word_1_66' title='bbox 352 1745 360 1788; x_wconf 93' lang='lat'>:</span> <span class='ocrx_word' id='word_1_67' title='bbox 377 1719 510 1802; x_wconf 77' lang='lat' dir='ltr'><strong>cedunt,</strong></span> <span class='ocrx_word' id='word_1_68' title='bbox 521 1717 661 1807; x_wconf 89' lang='lat' dir='ltr'><strong>tellure,</strong></span> <span class='ocrx_word' id='word_1_69' title='bbox 680 1721 850 1815; x_wconf 90' lang='lat' dir='ltr'><strong>armisque</strong></span> <span class='ocrx_word' id='word_1_70' title='bbox 868 1719 1015 1790; x_wconf 91' lang='lat' dir='ltr'><strong>reductis</strong></span> 
     </span>
     <span class='ocr_line' id='line_1_12' title="bbox 104 1840 1023 1937; baseline 0.001 -28"><span class='ocrx_word' id='word_1_71' title='bbox 104 1844 289 1910; x_wconf 81' lang='lat' dir='ltr'><strong>Ostentum</strong></span> <span class='ocrx_word' id='word_1_72' title='bbox 306 1855 433 1911; x_wconf 85' lang='lat' dir='ltr'><strong>veteres</strong></span> <span class='ocrx_word' id='word_1_73' title='bbox 450 1841 637 1910; x_wconf 86' lang='lat' dir='ltr'><strong>etiamnum</strong></span> <span class='ocrx_word' id='word_1_74' title='bbox 656 1843 691 1910; x_wconf 90' lang='lat' dir='ltr'><strong>in</strong></span> <span class='ocrx_word' id='word_1_75' title='bbox 713 1843 877 1936; x_wconf 88' lang='lat' dir='ltr'><strong>sanguine</strong></span> <span class='ocrx_word' id='word_1_76' title='bbox 897 1840 1023 1937; x_wconf 85' lang='lat' dir='ltr'><strong>plagas.</strong></span> 
     </span>
     <span class='ocr_line' id='line_1_13' title="bbox 103 1961 1000 2057; baseline -0.002 -25"><span class='ocrx_word' id='word_1_77' title='bbox 103 1967 177 2032; x_wconf 88' lang='lat' dir='ltr'><strong>Jam</strong></span> <span class='ocrx_word' id='word_1_78' title='bbox 196 1987 259 2031; x_wconf 90' lang='lat' dir='ltr'><strong>nec</strong></span> <span class='ocrx_word' id='word_1_79' title='bbox 279 1964 454 2057; x_wconf 85' lang='lat' dir='ltr'><strong>Cecropiis</strong></span> <span class='ocrx_word' id='word_1_80' title='bbox 470 1962 559 2032; x_wconf 90' lang='lat' dir='ltr'><strong>idem</strong></span> <span class='ocrx_word' id='word_1_81' title='bbox 578 1961 779 2032; x_wconf 89' lang='lat' dir='ltr'><strong>ductoribus</strong></span> <span class='ocrx_word' id='word_1_82' title='bbox 796 1961 914 2049; x_wconf 90' lang='lat' dir='ltr'><strong>ardor,</strong></span> <span class='ocrx_word' id='word_1_83' title='bbox 999 1983 1000 1988; x_wconf 72' lang='grc'>’</span> 
     </span>
     <span class='ocr_line' id='line_1_14' title="bbox 105 2083 1026 2178; baseline 0.001 -28"><span class='ocrx_word' id='word_1_84' title='bbox 105 2087 412 2178; x_wconf 77' lang='lat' dir='ltr'><strong>languescuntque</strong></span> <span class='ocrx_word' id='word_1_85' title='bbox 429 2084 550 2171; x_wconf 84' lang='lat' dir='ltr'><strong>minae,</strong></span> <span class='ocrx_word' id='word_1_86' title='bbox 567 2098 601 2153; x_wconf 89' lang='lat' dir='ltr'><strong>et</strong></span> <span class='ocrx_word' id='word_1_87' title='bbox 620 2085 729 2152; x_wconf 89' lang='lat' dir='ltr'><strong>virtus</strong></span> <span class='ocrx_word' id='word_1_88' title='bbox 748 2107 865 2153; x_wconf 90' lang='lat' dir='ltr'><strong>secura</strong></span> <span class='ocrx_word' id='word_1_89' title='bbox 885 2083 1026 2153; x_wconf 89' lang='lat' dir='ltr'><strong>residit:</strong></span> 
     </span>
     <span class='ocr_line' id='line_1_15' title="bbox 105 2202 979 2293; baseline 0 -21"><span class='ocrx_word' id='word_1_90' title='bbox 105 2208 294 2274; x_wconf 88' lang='lat' dir='ltr'><strong>Ventorum</strong></span> <span class='ocrx_word' id='word_1_91' title='bbox 313 2203 477 2276; x_wconf 71' lang='lat' dir='ltr'><strong>velutira</strong></span> <span class='ocrx_word' id='word_1_92' title='bbox 495 2207 622 2293; x_wconf 89' lang='lat' dir='ltr'><strong>minor,</strong></span> <span class='ocrx_word' id='word_1_93' title='bbox 640 2205 706 2273; x_wconf 88' lang='lat' dir='ltr'><strong>nisi</strong></span> <span class='ocrx_word' id='word_1_94' title='bbox 728 2202 812 2274; x_wconf 86' lang='lat' dir='ltr'><strong>silva</strong></span> <span class='ocrx_word' id='word_1_95' title='bbox 829 2203 979 2274; x_wconf 83' lang='lat' dir='ltr'><strong>furentes</strong></span> 
     </span>
     <span class='ocr_line' id='line_1_16' title="bbox 104 2324 959 2421; baseline 0 -28"><span class='ocrx_word' id='word_1_96' title='bbox 104 2326 270 2421; x_wconf 86' lang='lat' dir='ltr'><strong>Impedit,</strong></span> <span class='ocrx_word' id='word_1_97' title='bbox 291 2327 467 2419; x_wconf 90' lang='lat' dir='ltr'><strong>insanique</strong></span> <span class='ocrx_word' id='word_1_98' title='bbox 487 2340 600 2396; x_wconf 90' lang='lat' dir='ltr'><strong>tacent</strong></span> <span class='ocrx_word' id='word_1_99' title='bbox 617 2325 690 2398; x_wconf 88' lang='lat' dir='ltr'><strong>siue</strong></span> <span class='ocrx_word' id='word_1_100' title='bbox 709 2324 809 2394; x_wconf 88' lang='lat' dir='ltr'><strong>litore</strong></span> <span class='ocrx_word' id='word_1_101' title='bbox 825 2325 959 2394; x_wconf 88' lang='lat' dir='ltr'><strong>fluctus.</strong></span> 
     </span>
    </p>

    <p class='ocr_par' dir='ltr' id='par_1_3' title="bbox 73 2445 1138 4118">
     <span class='ocr_line' id='line_1_17' title="bbox 158 2445 1104 2542; baseline 0.001 -27"><span class='ocrx_word' id='word_1_102' title='bbox 158 2449 204 2515; x_wconf 89' lang='lat' dir='ltr'><strong>Ut</strong></span> <span class='ocrx_word' id='word_1_103' title='bbox 222 2471 303 2516; x_wconf 86' lang='lat' dir='ltr'><strong>vero</strong></span> <span class='ocrx_word' id='word_1_104' title='bbox 321 2472 498 2541; x_wconf 88' lang='lat' dir='ltr'><strong>aequoreus</strong></span> <span class='ocrx_word' id='word_1_105' title='bbox 518 2471 681 2542; x_wconf 89' lang='lat' dir='ltr'><strong>quercum</strong></span> <span class='ocrx_word' id='word_1_106' title='bbox 697 2445 940 2516; x_wconf 84' lang='lat' dir='ltr'><strong>Marathonida</strong></span> <span class='ocrx_word' id='word_1_107' title='bbox 955 2446 1104 2518; x_wconf 87' lang='lat' dir='ltr'><strong>Theseus</strong></span> 
     </span>
     <span class='ocr_line' id='line_1_18' title="bbox 106 2567 858 2662; baseline 0.003 -26"><span class='ocrx_word' id='word_1_108' title='bbox 106 2568 258 2656; x_wconf 89' lang='lat' dir='ltr'><strong>Extulit,</strong></span> <span class='ocrx_word' id='word_1_109' title='bbox 274 2583 393 2638; x_wconf 82' lang='lat' dir='ltr'><strong>erectae</strong></span> <span class='ocrx_word' id='word_1_110' title='bbox 411 2570 508 2662; x_wconf 86' lang='lat' dir='ltr'><strong>cujus</strong></span> <span class='ocrx_word' id='word_1_111' title='bbox 524 2567 668 2638; x_wconf 89' lang='lat' dir='ltr'><strong>crudelis</strong></span> <span class='ocrx_word' id='word_1_112' title='bbox 687 2569 723 2639; x_wconf 91' lang='lat' dir='ltr'><strong>iu</strong></span> <span class='ocrx_word' id='word_1_113' title='bbox 744 2568 858 2638; x_wconf 89' lang='lat' dir='ltr'><strong>hostes</strong></span> 
     </span>
     <span class='ocr_line' id='line_1_19' title="bbox 109 2688 1138 2785; baseline -0.002 -26"><span class='ocrx_word' id='word_1_114' title='bbox 109 2690 236 2759; x_wconf 91' lang='lat' dir='ltr'><strong>Umbra</strong></span> <span class='ocrx_word' id='word_1_115' title='bbox 256 2690 365 2777; x_wconf 90' lang='lat' dir='ltr'><strong>cadit,</strong></span> <span class='ocrx_word' id='word_1_116' title='bbox 382 2715 608 2785; x_wconf 88' lang='lat' dir='ltr'><strong>campumque</strong></span> <span class='ocrx_word' id='word_1_117' title='bbox 627 2705 758 2760; x_wconf 89' lang='lat' dir='ltr'><strong>trucem</strong></span> <span class='ocrx_word' id='word_1_118' title='bbox 778 2689 836 2760; x_wconf 86' lang='lat' dir='ltr'><strong>lux</strong></span> <span class='ocrx_word' id='word_1_119' title='bbox 853 2689 1000 2785; x_wconf 90' lang='lat' dir='ltr'><strong>cuspidis</strong></span> <span class='ocrx_word' id='word_1_120' title='bbox 1021 2688 1138 2784; x_wconf 89' lang='lat' dir='ltr'><strong>implet</strong></span> 
     </span>
     <span class='ocr_line' id='line_1_20' title="bbox 107 2811 942 2906; baseline 0 -26"><span class='ocrx_word' id='word_1_121' title='bbox 107 2815 179 2880; x_wconf 90' lang='lat' dir='ltr'><strong>Ceu</strong></span> <span class='ocrx_word' id='word_1_122' title='bbox 199 2825 295 2906; x_wconf 87' lang='lat' dir='ltr'><strong>pater</strong></span> <span class='ocrx_word' id='word_1_123' title='bbox 312 2811 449 2882; x_wconf 87' lang='lat' dir='ltr'><strong>Edonos</strong></span> <span class='ocrx_word' id='word_1_124' title='bbox 469 2813 579 2880; x_wconf 87' lang='lat' dir='ltr'><strong>Haemi</strong></span> <span class='ocrx_word' id='word_1_125' title='bbox 598 2811 641 2880; x_wconf 91' lang='lat' dir='ltr'><strong>de</strong></span> <span class='ocrx_word' id='word_1_126' title='bbox 660 2812 785 2880; x_wconf 88' lang='lat' dir='ltr'><strong>vertice</strong></span> <span class='ocrx_word' id='word_1_127' title='bbox 803 2814 942 2881; x_wconf 88' lang='lat' dir='ltr'><strong>Mavors</strong></span> 
     </span>
     <span class='ocr_line' id='line_1_21' title="bbox 106 2930 1015 3028; baseline 0.004 -30"><span class='ocrx_word' id='word_1_128' title='bbox 106 2930 283 3025; x_wconf 90' lang='lat' dir='ltr'><strong>Impulerit</strong></span> <span class='ocrx_word' id='word_1_129' title='bbox 302 2957 439 3016; x_wconf 89' lang='lat' dir='ltr'><strong>currus,</strong></span> <span class='ocrx_word' id='word_1_130' title='bbox 458 2931 579 3028; x_wconf 90' lang='lat' dir='ltr'><strong>rapido</strong></span> <span class='ocrx_word' id='word_1_131' title='bbox 598 2946 813 3026; x_wconf 89' lang='lat' dir='ltr'><strong>mortemque</strong></span> <span class='ocrx_word' id='word_1_132' title='bbox 832 2932 1015 3028; x_wconf 85' lang='lat' dir='ltr'><strong>fugamque</strong></span> 
     </span>
     <span class='ocr_line' id='line_1_22' title="bbox 106 3053 907 3148; baseline 0.001 -26"><span class='ocrx_word' id='word_1_133' title='bbox 106 3057 180 3122; x_wconf 82' lang='lat' dir='ltr'><strong>Axe</strong></span> <span class='ocrx_word' id='word_1_134' title='bbox 201 3054 343 3136; x_wconf 87' lang='lat' dir='ltr'><strong>vehens,</strong></span> <span class='ocrx_word' id='word_1_135' title='bbox 363 3056 410 3124; x_wconf 80' lang='lat' dir='ltr'><strong>sic</strong></span> <span class='ocrx_word' id='word_1_136' title='bbox 429 3054 590 3122; x_wconf 86' lang='lat' dir='ltr'><strong>exanimis</strong></span> <span class='ocrx_word' id='word_1_137' title='bbox 610 3054 645 3121; x_wconf 91' lang='lat' dir='ltr'><strong>in</strong></span> <span class='ocrx_word' id='word_1_138' title='bbox 665 3068 759 3148; x_wconf 87' lang='lat' dir='ltr'><strong>terga</strong></span> <span class='ocrx_word' id='word_1_139' title='bbox 776 3053 907 3123; x_wconf 90' lang='lat' dir='ltr'><strong>reducit</strong></span> 
     </span>
     <span class='ocr_line' id='line_1_23' title="bbox 96 3172 887 3270; baseline -0.001 -27"><span class='ocrx_word' id='word_1_140' title='bbox 96 3172 220 3268; x_wconf 83' lang='lat' dir='ltr'><strong>¹Pallor</strong></span> <span class='ocrx_word' id='word_1_141' title='bbox 238 3173 475 3269; x_wconf 76' lang='lat' dir='ltr'><strong>Agenoridas:</strong></span> <span class='ocrx_word' id='word_1_142' title='bbox 494 3173 594 3244; x_wconf 82' lang='lat' dir='ltr'><strong>taedet</strong></span> <span class='ocrx_word' id='word_1_143' title='bbox 611 3174 820 3270; x_wconf 83' lang='lat' dir='ltr'><strong>fugientibus</strong></span> <span class='ocrx_word' id='word_1_144' title='bbox 838 3175 887 3242; x_wconf 88' lang='lat' dir='ltr'><strong>uti</strong></span> 
     </span>
     <span class='ocr_line' id='line_1_24' title="bbox 104 3293 986 3391; baseline -0.002 -28"><span class='ocrx_word' id='word_1_145' title='bbox 104 3297 251 3383; x_wconf 90' lang='lat' dir='ltr'><strong>Thesea,</strong></span> <span class='ocrx_word' id='word_1_146' title='bbox 270 3321 332 3367; x_wconf 87' lang='lat' dir='ltr'><strong>nec</strong></span> <span class='ocrx_word' id='word_1_147' title='bbox 352 3293 483 3366; x_wconf 84' lang='lat' dir='ltr'><strong>facilem</strong></span> <span class='ocrx_word' id='word_1_148' title='bbox 503 3295 665 3391; x_wconf 83' lang='lat' dir='ltr'><strong>dignatur</strong></span> <span class='ocrx_word' id='word_1_149' title='bbox 683 3295 801 3364; x_wconf 82' lang='lat' dir='ltr'><strong>dextra</strong></span> <span class='ocrx_word' id='word_1_150' title='bbox 820 3319 986 3364; x_wconf 92' lang='lat' dir='ltr'><strong>cruorem.</strong></span> 
     </span>
     <span class='ocr_line' id='line_1_25' title="bbox 105 3417 862 3512; baseline -0.001 -27"><span class='ocrx_word' id='word_1_151' title='bbox 105 3419 225 3486; x_wconf 89' lang='lat' dir='ltr'><strong>Cetera</strong></span> <span class='ocrx_word' id='word_1_152' title='bbox 254 3417 386 3511; x_wconf 92' lang='lat' dir='ltr'><strong>plebeio</strong></span> <span class='ocrx_word' id='word_1_153' title='bbox 406 3417 540 3486; x_wconf 82' lang='lat' dir='ltr'><strong>desaevit</strong></span> <span class='ocrx_word' id='word_1_154' title='bbox 557 3417 722 3512; x_wconf 81' lang='lat' dir='ltr'><strong>sanguine</strong></span> <span class='ocrx_word' id='word_1_155' title='bbox 743 3417 862 3486; x_wconf 86' lang='lat' dir='ltr'><strong>virtus.</strong></span> 
     </span>
     <span class='ocr_line' id='line_1_26' title="bbox 73 3537 1056 3633; baseline -0.002 -25"><span class='ocrx_word' id='word_1_156' title='bbox 73 3574 78 3582; x_wconf 89' lang='lat'>·</span> <span class='ocrx_word' id='word_1_157' title='bbox 108 3540 164 3608; x_wconf 91' lang='lat' dir='ltr'><strong>Sic</strong></span> <span class='ocrx_word' id='word_1_158' title='bbox 177 3539 276 3632; x_wconf 88' lang='lat' dir='ltr'><strong>juvat</strong></span> <span class='ocrx_word' id='word_1_159' title='bbox 293 3539 455 3610; x_wconf 81' lang='lat' dir='ltr'><strong>exanimis</strong></span> <span class='ocrx_word' id='word_1_160' title='bbox 474 3540 692 3633; x_wconf 87' lang='lat' dir='ltr'><strong>projectaque</strong></span> <span class='ocrx_word' id='word_1_161' title='bbox 710 3537 824 3632; x_wconf 70' lang='lat' dir='ltr'><strong>praeda</strong></span> <span class='ocrx_word' id='word_1_162' title='bbox 843 3561 1011 3632; x_wconf 91' lang='lat' dir='ltr'><strong>canesque</strong></span> <span class='ocrx_word' id='word_1_163' title='bbox 1054 3629 1056 3632; x_wconf 16' lang='grc' dir='ltr'>Ι</span> 
     </span>
     <span class='ocr_line' id='line_1_27' title="bbox 106 3656 957 3756; baseline 0 -28"><span class='ocrx_word' id='word_1_164' title='bbox 106 3663 366 3755; x_wconf 88' lang='lat' dir='ltr'><strong>Degeneresque</strong></span> <span class='ocrx_word' id='word_1_165' title='bbox 383 3658 500 3756; x_wconf 80' lang='lat' dir='ltr'><strong>lupos3</strong></span> <span class='ocrx_word' id='word_1_166' title='bbox 520 3683 660 3755; x_wconf 88' lang='lat' dir='ltr'><strong>magnos</strong></span> <span class='ocrx_word' id='word_1_167' title='bbox 682 3656 742 3730; x_wconf 91' lang='lat' dir='ltr'><strong>alit</strong></span> <span class='ocrx_word' id='word_1_168' title='bbox 763 3660 813 3728; x_wconf 91' lang='lat' dir='ltr'><strong>ira</strong></span> <span class='ocrx_word' id='word_1_169' title='bbox 834 3657 957 3728; x_wconf 86' lang='lat' dir='ltr'><strong>leones.</strong></span> 
     </span>
     <span class='ocr_line' id='line_1_28' title="bbox 107 3771 1132 3882; baseline -0.002 -30"><span class='ocrx_word' id='word_1_170' title='bbox 107 3784 262 3853; x_wconf 83' lang='lat' dir='ltr'><strong>Attamen</strong></span> <span class='ocrx_word' id='word_1_171' title='bbox 284 3771 463 3870; x_wconf 77' lang='lat' dir='ltr'><strong>Olenium,</strong></span> <span class='ocrx_word' id='word_1_172' title='bbox 479 3779 766 3882; x_wconf 77' lang='lat' dir='ltr'><strong>Thamyrumque,</strong></span> <span class='ocrx_word' id='word_1_173' title='bbox 782 3781 873 3852; x_wconf 89' lang='lat' dir='ltr'><strong>hunc</strong></span> <span class='ocrx_word' id='word_1_174' title='bbox 893 3779 958 3850; x_wconf 84' lang='lat' dir='ltr'><strong>tela</strong></span> <span class='ocrx_word' id='word_1_175' title='bbox 975 3782 1132 3877; x_wconf 85' lang='lat' dir='ltr'><strong>pharetra</strong></span> 
     </span>
     <span class='ocr_line' id='line_1_29' title="bbox 106 3900 1090 3997; baseline 0.005 -28"><span class='ocrx_word' id='word_1_176' title='bbox 106 3904 339 3990; x_wconf 67' lang='lat' dir='ltr'><strong>promentem,</strong></span> <span class='ocrx_word' id='word_1_177' title='bbox 354 3903 445 3973; x_wconf 89' lang='lat' dir='ltr'><strong>hunc</strong></span> <span class='ocrx_word' id='word_1_178' title='bbox 462 3905 539 3973; x_wconf 83' lang='lat' dir='ltr'><strong>saevi</strong></span> <span class='ocrx_word' id='word_1_179' title='bbox 557 3900 732 3980; x_wconf 89' lang='lat' dir='ltr'><strong>tollentem</strong></span> <span class='ocrx_word' id='word_1_180' title='bbox 748 3902 900 3997; x_wconf 89' lang='lat' dir='ltr'><strong>pondera</strong></span> <span class='ocrx_word' id='word_1_181' title='bbox 918 3904 988 3972; x_wconf 86' lang='lat' dir='ltr'><strong>saxi</strong></span> <span class='ocrx_word' id='word_1_182' title='bbox 1088 3971 1090 3974; x_wconf 84' lang='lat'>.</span> 
     </span>
     <span class='ocr_line' id='line_1_30' title="bbox 105 4018 906 4118; baseline -0.001 -27"><span class='ocrx_word' id='word_1_183' title='bbox 105 4023 230 4114; x_wconf 90' lang='lat' dir='ltr'><strong>Dejicit</strong></span> <span class='ocrx_word' id='word_1_184' title='bbox 240 4073 259 4110; x_wconf 83' lang='lat'><strong>„</strong></span> <span class='ocrx_word' id='word_1_185' title='bbox 269 4038 302 4093; x_wconf 95' lang='lat' dir='ltr'><strong>et</strong></span> <span class='ocrx_word' id='word_1_186' title='bbox 321 4023 445 4118; x_wconf 88' lang='lat' dir='ltr'><strong>triplici</strong></span> <span class='ocrx_word' id='word_1_187' title='bbox 463 4018 608 4094; x_wconf 78' lang='lat' dir='ltr'><strong>confisos</strong></span> <span class='ocrx_word' id='word_1_188' title='bbox 626 4023 749 4092; x_wconf 80' lang='lat' dir='ltr'><strong>robore</strong></span> <span class='ocrx_word' id='word_1_189' title='bbox 766 4025 877 4118; x_wconf 88' lang='lat' dir='ltr'><strong>gentis</strong></span> <span class='ocrx_word' id='word_1_190' title='bbox 904 4027 906 4030; x_wconf 78' lang='grc'><strong>’</strong></span> 
     </span>
    </p>
   </div>
   <div class='ocr_carea' id='block_1_3' title="bbox 105 4126 947 4239">
    <p class='ocr_par' dir='ltr' id='par_1_4' title="bbox 105 4126 947 4239">
     <span class='ocr_line' id='line_1_31' title="bbox 105 4126 947 4239; baseline 0 -25"><span class='ocrx_word' id='word_1_191' title='bbox 105 4143 258 4215; x_wconf 82' lang='lat' dir='ltr'><strong>Alceidas</strong></span> <span class='ocrx_word' id='word_1_192' title='bbox 276 4145 414 4236; x_wconf 82' lang='lat' dir='ltr'><strong>fratres,</strong></span> <span class='ocrx_word' id='word_1_193' title='bbox 434 4146 572 4228; x_wconf 81' lang='lat' dir='ltr'><strong>totidem</strong></span> <span class='ocrx_word' id='word_1_194' title='bbox 592 4171 677 4239; x_wconf 89' lang='lat' dir='ltr'><strong>quos</strong></span> <span class='ocrx_word' id='word_1_195' title='bbox 695 4147 826 4215; x_wconf 91' lang='lat' dir='ltr'><strong>eminus</strong></span> <span class='ocrx_word' id='word_1_196' title='bbox 842 4126 947 4216; x_wconf 83' lang='lat' dir='ltr'><strong>hastis</strong></span> 
     </span>
    </p>
   </div>
   <div class='ocr_carea' id='block_1_4' title="bbox 0 0 1560 5140">
    <p class='ocr_par' dir='ltr' id='par_1_5' title="bbox 0 0 1560 5140">
     <span class='ocr_line' id='line_1_32' title="bbox 0 0 1560 5140; baseline 0 0"><span class='ocrx_word' id='word_1_197' title='bbox 0 0 1560 5140; x_wconf 95' lang='lat' dir='ltr'><strong> </strong></span> 
     </span>
    </p>
   </div>
  </div>
 </body>
</html>
