3172 5142
162 513 277 576 (cess.)
480 509 693 606 THEBAIDQS
715 509 826 567 Llultlt
849 509 899 565 vl.
1174 507 1211 564 65

213 642 357 708 Centum
377 637 423 704 ibi
444 638 629 731 nigrantes,
650 636 952 721 armenti'robora,
971 650 1084 705 tauros

167 762 273 827 Lenta
289 756 376 826 mole
394 756 551 841 trahunt,
569 756 656 825 idem
677 781 908 850 numerusque
919 753 1076 849 colorque

164 877 352 966 Matribus,
372 892 406 946 et
425 876 575 946 nondum
594 873 716 947 lunatis
736 877 846 952 fronte
861 877 1021 970 juvencis.
1075 927 1077 934 >

165 1000 253 1068 Exin
271 999 521 1094 magnanimum
539 999 639 1069 series
659 999 797 1092 antiqua
815 1012 990 1092 parentum

165 1119 355 1206 Invehitur,
375 1119 468 1187 miris
488 1120 524 1186 in
543 1116 673 1187 vultum
693 1120 840 1187 animata
855 1117 980 1213 figuris.
1064 1109 1065 1112 ¹

214 1240 345 1309 Primus
365 1229 574 1308 anhelantem
594 1237 680 1308 duro
698 1241 892 1334 Tirynthius
911 1264 1035 1334 angens

164 1362 311 1430 Pectoris
333 1359 450 1429 attritu
470 1383 529 1430 sua
549 1359 673 1454 frangit
692 1361 726 1428 in
745 1384 820 1430 ossa
841 1358 980 1430 leonem.
1013 1413 1016 1418 .

165 1481 265 1551 Haud
282 1479 377 1550 illum
395 1480 572 1576 impavidi,
591 1481 743 1574 quamvis
762 1496 796 1549 et
813 1483 849 1549 in
867 1505 950 1570 aere,
971 1505 1133 1575 suumque

165 1601 331 1672 Inachidae
350 1602 463 1671 videre
481 1599 580 1671 decus
600 1627 608 1669 ε
631 1615 726 1696 pater
744 1600 861 1670 ordine
875 1603 993 1696 juncto

165 1727 303 1810 nevus,
321 1721 512 1792 arundineae
532 1721 761 1814 recubansque
780 1722 841 1790 sub
860 1747 980 1816 aggere
998 1725 1095 1816 ripae,

167 1844 339 1930 Cernitur,
358 1845 549 1936 emissaeque
566 1840 742 1937 indulgens
760 1842 904 1912 Inachus
924 1867 1026 1912 urnae.

167 1967 205 2032 Io
224 1977 301 2057 post
318 1977 467 2057 tergum,
485 1959 698 2056 jam'prona,
718 1959 879 2055 dolorque
900 1964 1045 2056 parentis

167 2087 303 2178 Spectat
320 2083 503 2152 inocciduis
521 2080 687 2152 stellatum
705 2081 830 2150 visibus
849 2083 986 2176 Argum.

168 2209 229 2275 Ast
248 2203 340 2274 illam
358 2203 477 2274 melior
494 2204 624 2273 Phariis
642 2217 790 2273 erexerat
809 2203 896 2272 arvis

168 2327 336 2422 luppiter,
356 2339 456 2420 atque
474 2326 594 2420 hospes
609 2325 679 2418 jam
697 2339 778 2394 tunc
795 2329 926 2394 Aurora
944 2322 1083 2393 colebat.

216 2445 378 2516 Tantalus
397 2445 475 2514 inde
495 2471 631 2541 parens,
651 2471 720 2514 non
738 2445 797 2540 qui
817 2442 1007 2513 fallentibus
1024 2440 1123 2513 undis

168 2569 342 2656 Imminet,
363 2581 422 2635 aut
438 2565 562 2661 refuge
579 2562 725 2634 sterilem
743 2566 833 2660 rapit
851 2590 927 2634 aera
949 2563 1053 2648 silvae,
1112 2568 1115 2582 “

170 2687 235 2756 Sed
253 2688 343 2782 pius,
365 2700 400 2755 et
416 2687 530 2779 magni
548 2686 683 2756 vehitur
701 2686 843 2753 conviva
860 2686 1032 2754 Tonantis.

219 2810 318 2877 Parte
335 2804 399 2875 alia
417 2807 527 2874 victor
543 2831 642 2874 curru
662 2807 833 2900 Neptunia
851 2805 955 2874 tendit
970 2850 972 2860 ι

170 2933 260 2998 Lora
277 2925 412 3021 Pelops,
432 2941 625 3022 pressatque
643 2939 734 2995 rotas
753 2927 870 3021 auriga
886 2939 1037 2994 neantes

170 3046 342 3142 Myrtilus,
363 3061 397 3114 ct
415 3044 543 3116 volucri
559 3047 765 3141 jamjamque
782 3045 983 3140 relinquitur
1002 3072 1072 3114 axe.

171 3172 214 3237 Et
235 3169 346 3264 gravis
364 3168 532 3253 Acrisius,
551 3169 740 3262 speciesque
757 3166 924 3236 horrenda
940 3165 1093 3250 Coroebi,

172 3293 216 3359 Et
234 3292 353 3358 Danae
371 3287 505 3383 culpata
524 3289 631 3375 sinus,
651 3303 685 3356 et
702 3289 736 3356 in
755 3311 852 3355 amne
868 3300 1000 3380 reperto

172 3411 289 3480 Tristis
308 3411 510 3503 Amymone,
532 3431 702 3502 parvoque
719 3404 875 3475 Alcmena
892 3405 1041 3499 superbit

173 3527 330 3618 Hercule,
349 3529 535 3623 tergemina
551 3529 678 3598 crinem
695 3524 899 3596 circumdata
916 3523 1006 3594 luna.

221 3653 372 3743 Jungunt
391 3647 559 3717 discordes
577 3649 712 3718 inimica
730 3648 764 3717 in
781 3645 904 3715 foedera
924 3645 1056 3715 dextras

172 3768 292 3839 Belide
309 3769 441 3857 fratres3
460 3768 519 3837 sed
537 3767 632 3838 vultu
649 3769 763 3838 mitior
781 3766 888 3836 adstat

173 3893 349 3984 AEgyptus‚
368 3889 479 3958 Danai
496 3888 709 3958 manifestum
727 3911 905 3982 agnoscere
924 3885 1001 3954 licto

173 4013 241 4078 Ore
257 4008 364 4095 nefas,
382 4009 539 4104 'pacisque
557 4006 667 4096 malae,
686 4008 858 4101 noctisque
876 4005 1003 4074 suturae.

173 4127 266 4198 Mille
285 4127 405 4198 dehinc
422 4128 545 4222 species
565 4154 572 4196 ε
593 4127 727 4196 tandem
745 4129 862 4196 satiata
881 4122 1048 4218 voluptas,

215 4261 218 4268 '
320 4273 354 4317 ιι.
1032 4240 1052 4312 5
1102 4277 1104 4282 ·
