<?xml version="1.0" encoding="UTF-8"?>
<!DOCTYPE html PUBLIC "-//W3C//DTD XHTML 1.0 Transitional//EN"
    "http://www.w3.org/TR/xhtml1/DTD/xhtml1-transitional.dtd">
<html xmlns="http://www.w3.org/1999/xhtml" xml:lang="en" lang="en">
 <head>
  <title>
</title>
<meta http-equiv="Content-Type" content="text/html;charset=utf-8" />
  <meta name='ocr-system' content='tesseract 3.04.00' />
  <meta name='ocr-capabilities' content='ocr_page ocr_carea ocr_par ocr_line ocrx_word'/>
</head>
<body>
  <div class='ocr_page' id='page_1' title='image "./operaquaeextant00dbgoog_0024.png"; bbox 0 0 3192 5148; ppageno 0'>
   <div class='ocr_carea' id='block_1_1' title="bbox 453 546 1308 620">
    <p class='ocr_par' dir='ltr' id='par_1_1' title="bbox 453 546 1308 620">
     <span class='ocr_line' id='line_1_1' title="bbox 453 546 1308 620; baseline -0.007 -15"><span class='ocrx_word' id='word_1_1' title='bbox 453 547 615 605; x_wconf 74' lang='lat' dir='ltr'>norrun</span> <span class='ocrx_word' id='word_1_2' title='bbox 632 547 877 604; x_wconf 69' lang='lat' dir='ltr'>umbriani.</span> <span class='ocrx_word' id='word_1_3' title='bbox 1166 546 1195 618; x_wconf 68' lang='lat' dir='ltr'>xj</span> <span class='ocrx_word' id='word_1_4' title='bbox 1305 610 1308 620; x_wconf 24' lang='grc' dir='ltr'><strong><em>Ι</em></strong></span> 
     </span>
    </p>
   </div>
   <div class='ocr_carea' id='block_1_2' title="bbox 135 671 1203 4277">
    <p class='ocr_par' dir='ltr' id='par_1_2' title="bbox 137 671 1200 1620">
     <span class='ocr_line' id='line_1_2' title="bbox 137 671 1195 770; baseline -0.011 -20"><span class='ocrx_word' id='word_1_5' title='bbox 137 679 226 750; x_wconf 88' lang='lat' dir='ltr'>dieis</span> <span class='ocrx_word' id='word_1_6' title='bbox 243 675 482 770; x_wconf 61' lang='lat' dir='ltr'>utedrgemat</span> <span class='ocrx_word' id='word_1_7' title='bbox 503 676 575 744; x_wconf 83' lang='lat' dir='ltr'>sive</span> <span class='ocrx_word' id='word_1_8' title='bbox 600 672 883 744; x_wconf 71' lang='lat' dir='ltr'>Vrutr&#39;slavunsts</span> <span class='ocrx_word' id='word_1_9' title='bbox 900 695 973 741; x_wconf 80' lang='lat' dir='ltr'>saec.</span> <span class='ocrx_word' id='word_1_10' title='bbox 997 695 1054 740; x_wconf 84' lang='lat' dir='ltr'>xiv</span> <span class='ocrx_word' id='word_1_11' title='bbox 1074 672 1109 739; x_wconf 94' lang='lat' dir='ltr'>in</span> <span class='ocrx_word' id='word_1_12' title='bbox 1129 671 1195 741; x_wconf 82' lang='lat' dir='ltr'>Sil·</span> 
     </span>
     <span class='ocr_line' id='line_1_3' title="bbox 140 794 1198 895; baseline -0.008 -25"><span class='ocrx_word' id='word_1_13' title='bbox 140 800 217 895; x_wconf 64' lang='lat' dir='ltr'>tigri</span> <span class='ocrx_word' id='word_1_14' title='bbox 231 799 432 894; x_wconf 77' lang='lat' dir='ltr'>repetitione</span> <span class='ocrx_word' id='word_1_15' title='bbox 453 796 612 866; x_wconf 81' lang='lat' dir='ltr'>editionis</span> <span class='ocrx_word' id='word_1_16' title='bbox 631 794 913 882; x_wconf 82' lang='lat' dir='ltr'>Marklandiunae,</span> <span class='ocrx_word' id='word_1_17' title='bbox 931 815 965 890; x_wconf 85' lang='lat' dir='ltr'>p.</span> <span class='ocrx_word' id='word_1_18' title='bbox 987 817 1028 864; x_wconf 76' lang='lat' dir='ltr'>nt</span> <span class='ocrx_word' id='word_1_19' title='bbox 1055 818 1147 886; x_wconf 88' lang='lat' dir='ltr'>sqq.,</span> <span class='ocrx_word' id='word_1_20' title='bbox 1164 807 1198 862; x_wconf 91' lang='lat' dir='ltr'>et</span> 
     </span>
     <span class='ocr_line' id='line_1_4' title="bbox 147 909 1197 1015; baseline -0.01 -25"><span class='ocrx_word' id='word_1_21' title='bbox 147 921 353 990; x_wconf 82' lang='lat' dir='ltr'>Parisiensr&#39;s</span> <span class='ocrx_word' id='word_1_22' title='bbox 371 919 454 988; x_wconf 86' lang='lat' dir='ltr'>anni</span> <span class='ocrx_word' id='word_1_23' title='bbox 477 922 578 1015; x_wconf 51' lang='lat'>&#39;147⁰</span> <span class='ocrx_word' id='word_1_24' title='bbox 595 915 669 1012; x_wconf 85' lang='lat' dir='ltr'>(qui</span> <span class='ocrx_word' id='word_1_25' title='bbox 689 914 811 1002; x_wconf 85' lang='lat' dir='ltr'>desinit</span> <span class='ocrx_word' id='word_1_26' title='bbox 831 915 867 983; x_wconf 91' lang='lat' dir='ltr'>in</span> <span class='ocrx_word' id='word_1_27' title='bbox 881 939 924 1001; x_wconf 87' lang='lat' dir='ltr'>v,</span> <span class='ocrx_word' id='word_1_28' title='bbox 946 937 985 1002; x_wconf 70' lang='grc' dir='ltr'>α,</span> <span class='ocrx_word' id='word_1_29' title='bbox 1003 937 1035 983; x_wconf 85' lang='lat' dir='ltr'>v.</span> <span class='ocrx_word' id='word_1_30' title='bbox 1057 909 1142 1009; x_wconf 76' lang='lat'>257)</span> <span class='ocrx_word' id='word_1_31' title='bbox 1162 914 1197 981; x_wconf 86' lang='lat' dir='ltr'>in</span> 
     </span>
     <span class='ocr_line' id='line_1_5' title="bbox 138 1031 1199 1133; baseline -0.009 -22"><span class='ocrx_word' id='word_1_32' title='bbox 138 1040 193 1111; x_wconf 86' lang='lat' dir='ltr'>ed.</span> <span class='ocrx_word' id='word_1_33' title='bbox 222 1041 376 1111; x_wconf 72' lang='lat' dir='ltr'>Iemerii</span> <span class='ocrx_word' id='word_1_34' title='bbox 386 1083 399 1126; x_wconf 48' lang='grc' dir='ltr'>ι,</span> <span class='ocrx_word' id='word_1_35' title='bbox 428 1057 528 1133; x_wconf 83' lang='lat' dir='ltr'>aeqne&#39;</span> <span class='ocrx_word' id='word_1_36' title='bbox 545 1039 721 1131; x_wconf 83' lang='lat' dir='ltr'>utriusqus</span> <span class='ocrx_word' id='word_1_37' title='bbox 747 1031 951 1131; x_wconf 84' lang='lat' dir='ltr'>interpolati.</span> <span class='ocrx_word' id='word_1_38' title='bbox 978 1034 1053 1106; x_wconf 81' lang='lat' dir='ltr'>Alia</span> <span class='ocrx_word' id='word_1_39' title='bbox 1076 1033 1199 1104; x_wconf 85' lang='lat' dir='ltr'>solum·</span> 
     </span>
     <span class='ocr_line' id='line_1_6' title="bbox 141 1156 1200 1256; baseline -0.006 -26"><span class='ocrx_word' id='word_1_40' title='bbox 141 1161 246 1232; x_wconf 91' lang='lat' dir='ltr'>modo</span> <span class='ocrx_word' id='word_1_41' title='bbox 265 1161 308 1232; x_wconf 86' lang='lat' dir='ltr'>ad</span> <span class='ocrx_word' id='word_1_42' title='bbox 329 1163 394 1230; x_wconf 89' lang='lat' dir='ltr'>tria</span> <span class='ocrx_word' id='word_1_43' title='bbox 410 1162 525 1256; x_wconf 89' lang='lat' dir='ltr'>priora</span> <span class='ocrx_word' id='word_1_44' title='bbox 540 1160 755 1254; x_wconf 85' lang='lat' dir='ltr'>carminaap.</span> <span class='ocrx_word' id='word_1_45' title='bbox 773 1157 956 1232; x_wconf 87' lang='lat' dir='ltr'>Handium.</span> <span class='ocrx_word' id='word_1_46' title='bbox 973 1157 1042 1246; x_wconf 90' lang='lat' dir='ltr'>Qui</span> <span class='ocrx_word' id='word_1_47' title='bbox 1059 1157 1095 1224; x_wconf 94' lang='lat' dir='ltr'>in</span> <span class='ocrx_word' id='word_1_48' title='bbox 1115 1157 1150 1224; x_wconf 89' lang='lat' dir='ltr'><em>V</em></span> <span class='ocrx_word' id='word_1_49' title='bbox 1151 1156 1200 1224; x_wconf 65' lang='lat' dir='ltr'>ire</span> 
     </span>
     <span class='ocr_line' id='line_1_7' title="bbox 140 1276 1199 1354; baseline -0.008 -1"><span class='ocrx_word' id='word_1_50' title='bbox 140 1282 332 1354; x_wconf 77' lang='lat' dir='ltr'>dobonenst</span> <span class='ocrx_word' id='word_1_51' title='bbox 349 1281 555 1352; x_wconf 84' lang='lat' dir='ltr'>bibliotheca</span> <span class='ocrx_word' id='word_1_52' title='bbox 575 1295 728 1350; x_wconf 87' lang='lat' dir='ltr'>servatur</span> <span class='ocrx_word' id='word_1_53' title='bbox 750 1281 837 1349; x_wconf 85' lang='lat' dir='ltr'>siex</span> <span class='ocrx_word' id='word_1_54' title='bbox 861 1278 1009 1348; x_wconf 78' lang='lat' dir='ltr'>Butlensi</span> <span class='ocrx_word' id='word_1_55' title='bbox 1035 1292 1086 1346; x_wconf 87' lang='lat' dir='ltr'>est</span> <span class='ocrx_word' id='word_1_56' title='bbox 1112 1276 1199 1345; x_wconf 90' lang='lat' dir='ltr'>deri·</span> 
     </span>
     <span class='ocr_line' id='line_1_8' title="bbox 141 1389 1199 1497; baseline -0.005 -26"><span class='ocrx_word' id='word_1_57' title='bbox 141 1403 293 1491; x_wconf 83' lang='lat' dir='ltr'>vandus,</span> <span class='ocrx_word' id='word_1_58' title='bbox 322 1401 415 1497; x_wconf 91' lang='lat' dir='ltr'>quod</span> <span class='ocrx_word' id='word_1_59' title='bbox 442 1389 538 1472; x_wconf 83' lang='lat' dir='ltr'>credi.</span> <span class='ocrx_word' id='word_1_60' title='bbox 566 1397 645 1472; x_wconf 90' lang='lat' dir='ltr'>licet</span> <span class='ocrx_word' id='word_1_61' title='bbox 670 1427 709 1470; x_wconf 79' lang='lat' dir='ltr'>ex</span> <span class='ocrx_word' id='word_1_62' title='bbox 735 1399 912 1494; x_wconf 78' lang='lat' dir='ltr'>adscriptis</span> <span class='ocrx_word' id='word_1_63' title='bbox 939 1400 970 1467; x_wconf 86' lang='lat' dir='ltr'>ei</span> <span class='ocrx_word' id='word_1_64' title='bbox 998 1399 1107 1484; x_wconf 87' lang='lat' dir='ltr'>notis,</span> <span class='ocrx_word' id='word_1_65' title='bbox 1133 1395 1199 1466; x_wconf 88' lang='lat' dir='ltr'>alia</span> 
     </span>
     <span class='ocr_line' id='line_1_9' title="bbox 141 1522 920 1620; baseline -0.006 -26"><span class='ocrx_word' id='word_1_66' title='bbox 141 1525 243 1594; x_wconf 81' lang='lat' dir='ltr'>etiam</span> <span class='ocrx_word' id='word_1_67' title='bbox 260 1539 392 1595; x_wconf 84' lang='lat' dir='ltr'>servata</span> <span class='ocrx_word' id='word_1_68' title='bbox 409 1539 460 1594; x_wconf 86' lang='lat' dir='ltr'>est</span> <span class='ocrx_word' id='word_1_69' title='bbox 478 1522 604 1593; x_wconf 87' lang='lat' dir='ltr'>familia</span> <span class='ocrx_word' id='word_1_70' title='bbox 622 1548 723 1620; x_wconf 84' lang='lat' dir='ltr'>quarn</span> <span class='ocrx_word' id='word_1_71' title='bbox 740 1523 920 1616; x_wconf 82' lang='lat' dir='ltr'>Poggiana.</span> 
     </span>
    </p>

    <p class='ocr_par' dir='ltr' id='par_1_3' title="bbox 135 1640 1203 4277">
     <span class='ocr_line' id='line_1_10' title="bbox 190 1640 1198 1738; baseline -0.004 -24"><span class='ocrx_word' id='word_1_72' title='bbox 190 1649 237 1715; x_wconf 92' lang='lat'>11.</span> <span class='ocrx_word' id='word_1_73' title='bbox 263 1647 469 1716; x_wconf 78' lang='lat' dir='ltr'>Turusrnos</span> <span class='ocrx_word' id='word_1_74' title='bbox 491 1644 647 1716; x_wconf 86' lang='lat' dir='ltr'>codicum</span> <span class='ocrx_word' id='word_1_75' title='bbox 668 1645 787 1738; x_wconf 83' lang='lat' dir='ltr'>ingens</span> <span class='ocrx_word' id='word_1_76' title='bbox 808 1644 905 1737; x_wconf 86' lang='lat' dir='ltr'>eopia</span> <span class='ocrx_word' id='word_1_77' title='bbox 926 1643 962 1710; x_wconf 91' lang='lat' dir='ltr'>in</span> <span class='ocrx_word' id='word_1_78' title='bbox 986 1640 1198 1714; x_wconf 80' lang='lat' dir='ltr'>bibliothecis</span> 
     </span>
     <span class='ocr_line' id='line_1_11' title="bbox 142 1761 1200 1861; baseline -0.005 -24"><span class='ocrx_word' id='word_1_79' title='bbox 142 1781 310 1854; x_wconf 85' lang='lat' dir='ltr'>servatur,</span> <span class='ocrx_word' id='word_1_80' title='bbox 335 1791 480 1861; x_wconf 90' lang='lat' dir='ltr'>quorum</span> <span class='ocrx_word' id='word_1_81' title='bbox 500 1761 656 1836; x_wconf 79' lang='lat' dir='ltr'>hotitiam</span> <span class='ocrx_word' id='word_1_82' title='bbox 684 1780 760 1860; x_wconf 87' lang='lat' dir='ltr'>pete</span> <span class='ocrx_word' id='word_1_83' title='bbox 783 1790 823 1834; x_wconf 84' lang='lat' dir='ltr'>ex</span> <span class='ocrx_word' id='word_1_84' title='bbox 851 1766 1012 1834; x_wconf 78' lang='lat' dir='ltr'>Hnurm</span> <span class='ocrx_word' id='word_1_85' title='bbox 1033 1761 1200 1856; x_wconf 70' lang='lat' dir='ltr'>catalogis</span> 
     </span>
     <span class='ocr_line' id='line_1_12' title="bbox 142 1883 1198 1986; baseline -0.006 -28"><span class='ocrx_word' id='word_1_86' title='bbox 142 1895 467 1986; x_wconf 74' lang='lat' dir='ltr'>manuscriptorum,</span> <span class='ocrx_word' id='word_1_87' title='bbox 491 1889 659 1982; x_wconf 78' lang='lat' dir='ltr'>Catalogo</span> <span class='ocrx_word' id='word_1_88' title='bbox 681 1891 799 1980; x_wconf 72' lang='lat' dir='ltr'>Regio</span> <span class='ocrx_word' id='word_1_89' title='bbox 817 1886 1026 1956; x_wconf 76' lang='lat' dir='ltr'>parisiensis</span> <span class='ocrx_word' id='word_1_90' title='bbox 1043 1885 1129 1980; x_wconf 87' lang='lat' dir='ltr'>(sive</span> <span class='ocrx_word' id='word_1_91' title='bbox 1145 1883 1198 1954; x_wconf 91' lang='lat' dir='ltr'>ed.</span> 
     </span>
     <span class='ocr_line' id='line_1_13' title="bbox 142 2003 1200 2103; baseline -0.008 -23"><span class='ocrx_word' id='word_1_92' title='bbox 142 2013 302 2097; x_wconf 73' lang='lat' dir='ltr'>Leman,</span> <span class='ocrx_word' id='word_1_93' title='bbox 320 2007 386 2077; x_wconf 87' lang='lat' dir='ltr'>vol.</span> <span class='ocrx_word' id='word_1_94' title='bbox 406 2032 458 2094; x_wconf 81' lang='grc' dir='ltr'>ιν,</span> <span class='ocrx_word' id='word_1_95' title='bbox 479 2034 512 2103; x_wconf 89' lang='lat' dir='ltr'>p.</span> <span class='ocrx_word' id='word_1_96' title='bbox 533 2006 656 2095; x_wconf 70' lang='lat' dir='ltr'>tta-64,</span> <span class='ocrx_word' id='word_1_97' title='bbox 677 2009 736 2102; x_wconf 90' lang='lat' dir='ltr'>qui</span> <span class='ocrx_word' id='word_1_98' title='bbox 755 2007 1018 2088; x_wconf 79' lang='lat' dir='ltr'>et-Britannicos</span> <span class='ocrx_word' id='word_1_99' title='bbox 1034 2003 1200 2100; x_wconf 66' lang='lat' dir='ltr'>pluere</span> 
     </span>
     <span class='ocr_line' id='line_1_14' title="bbox 141 2125 1198 2224; baseline -0.004 -25"><span class='ocrx_word' id='word_1_100' title='bbox 141 2145 275 2218; x_wconf 83' lang='lat' dir='ltr'>censet,</span> <span class='ocrx_word' id='word_1_101' title='bbox 288 2155 320 2224; x_wconf 90' lang='lat' dir='ltr'>p.</span> <span class='ocrx_word' id='word_1_102' title='bbox 340 2125 479 2223; x_wconf 59' lang='lat'>5661),</span> <span class='ocrx_word' id='word_1_103' title='bbox 499 2129 784 2223; x_wconf 79' lang='lat' dir='ltr'>Ebecticatulogo</span> <span class='ocrx_word' id='word_1_104' title='bbox 796 2130 900 2198; x_wconf 86' lang='lat' dir='ltr'><em>MSS.</em></span> <span class='ocrx_word' id='word_1_105' title='bbox 916 2125 1198 2220; x_wconf 77' lang='lat' dir='ltr'>Guelferbytanu-</span> 
     </span>
     <span class='ocr_line' id='line_1_15' title="bbox 143 2245 1201 2344; baseline -0.006 -25"><span class='ocrx_word' id='word_1_106' title='bbox 143 2273 278 2344; x_wconf 86' lang='lat' dir='ltr'>rum,p.</span> <span class='ocrx_word' id='word_1_107' title='bbox 303 2245 368 2344; x_wconf 80' lang='lat'>¹57</span> <span class='ocrx_word' id='word_1_108' title='bbox 388 2273 458 2341; x_wconf 91' lang='lat' dir='ltr'>sq.,</span> <span class='ocrx_word' id='word_1_109' title='bbox 475 2263 510 2317; x_wconf 91' lang='lat' dir='ltr'>et</span> <span class='ocrx_word' id='word_1_110' title='bbox 523 2246 607 2318; x_wconf 85' lang='lat' dir='ltr'>aliis.</span> <span class='ocrx_word' id='word_1_111' title='bbox 625 2248 694 2318; x_wconf 82' lang='lat' dir='ltr'>sed</span> <span class='ocrx_word' id='word_1_112' title='bbox 708 2273 765 2318; x_wconf 85' lang='lat' dir='ltr'>eos</span> <span class='ocrx_word' id='word_1_113' title='bbox 782 2271 968 2316; x_wconf 87' lang='lat' dir='ltr'>memorare</span> <span class='ocrx_word' id='word_1_114' title='bbox 979 2260 1132 2314; x_wconf 81' lang='lat' dir='ltr'>nostruin</span> <span class='ocrx_word' id='word_1_115' title='bbox 1151 2257 1201 2314; x_wconf 87' lang='lat' dir='ltr'>est</span> 
     </span>
     <span class='ocr_line' id='line_1_16' title="bbox 142 2365 1201 2464; baseline -0.003 -25"><span class='ocrx_word' id='word_1_116' title='bbox 142 2369 267 2464; x_wconf 89' lang='lat' dir='ltr'>quibus</span> <span class='ocrx_word' id='word_1_117' title='bbox 276 2368 421 2439; x_wconf 84' lang='lat' dir='ltr'>editores</span> <span class='ocrx_word' id='word_1_118' title='bbox 438 2371 490 2438; x_wconf 90' lang='lat' dir='ltr'>usi</span> <span class='ocrx_word' id='word_1_119' title='bbox 507 2383 597 2440; x_wconf 81' lang='lat' dir='ltr'>sunt.</span> <span class='ocrx_word' id='word_1_120' title='bbox 614 2373 746 2463; x_wconf 76' lang='lat' dir='ltr'>Agauen</span> <span class='ocrx_word' id='word_1_121' title='bbox 762 2369 856 2438; x_wconf 89' lang='lat' dir='ltr'>ducit</span> <span class='ocrx_word' id='word_1_122' title='bbox 871 2367 1125 2461; x_wconf 85' lang='lat' dir='ltr'>antiquissimus</span> <span class='ocrx_word' id='word_1_123' title='bbox 1146 2365 1201 2436; x_wconf 93' lang='lat' dir='ltr'>ille</span> 
     </span>
     <span class='ocr_line' id='line_1_17' title="bbox 142 2485 1199 2585; baseline -0.004 -27"><span class='ocrx_word' id='word_1_124' title='bbox 142 2504 177 2558; x_wconf 90' lang='lat' dir='ltr'>et</span> <span class='ocrx_word' id='word_1_125' title='bbox 190 2491 339 2585; x_wconf 90' lang='lat' dir='ltr'>optimus</span> <span class='ocrx_word' id='word_1_126' title='bbox 357 2490 508 2578; x_wconf 78' lang='lat' dir='ltr'>barthii,</span> <span class='ocrx_word' id='word_1_127' title='bbox 522 2491 582 2584; x_wconf 91' lang='lat' dir='ltr'>qui</span> <span class='ocrx_word' id='word_1_128' title='bbox 598 2489 749 2584; x_wconf 88' lang='lat' dir='ltr'>reliquos</span> <span class='ocrx_word' id='word_1_129' title='bbox 764 2514 880 2563; x_wconf 83' lang='lat' dir='ltr'>ornnes</span> <span class='ocrx_word' id='word_1_130' title='bbox 898 2487 1002 2582; x_wconf 85' lang='lat' dir='ltr'>longo</span> <span class='ocrx_word' id='word_1_131' title='bbox 1023 2485 1199 2558; x_wconf 81' lang='lat' dir='ltr'>intervallo</span> 
     </span>
     <span class='ocr_line' id='line_1_18' title="bbox 142 2608 1200 2705; baseline -0.002 -27"><span class='ocrx_word' id='word_1_132' title='bbox 142 2625 221 2705; x_wconf 90' lang='lat' dir='ltr'>post</span> <span class='ocrx_word' id='word_1_133' title='bbox 237 2633 272 2680; x_wconf 89' lang='lat' dir='ltr'>se</span> <span class='ocrx_word' id='word_1_134' title='bbox 283 2608 447 2705; x_wconf 82' lang='lat' dir='ltr'>relinquit</span> <span class='ocrx_word' id='word_1_135' title='bbox 463 2636 472 2679; x_wconf 78' lang='lat' dir='ltr'><strong><em>z</em></strong></span> <span class='ocrx_word' id='word_1_136' title='bbox 490 2609 583 2680; x_wconf 90' lang='lat' dir='ltr'>hunc</span> <span class='ocrx_word' id='word_1_137' title='bbox 598 2611 804 2682; x_wconf 84' lang='lat' dir='ltr'>recensionis</span> <span class='ocrx_word' id='word_1_138' title='bbox 817 2634 913 2679; x_wconf 81' lang='lat' dir='ltr'>novae</span> <span class='ocrx_word' id='word_1_139' title='bbox 921 2608 1066 2679; x_wconf 83' lang='lat' dir='ltr'>fundum</span> <span class='ocrx_word' id='word_1_140' title='bbox 1083 2608 1200 2678; x_wconf 84' lang='lat' dir='ltr'>baberi</span> 
     </span>
     <span class='ocr_line' id='line_1_19' title="bbox 142 2729 1202 2828; baseline -0.003 -27"><span class='ocrx_word' id='word_1_141' title='bbox 142 2746 298 2828; x_wconf 84' lang='lat' dir='ltr'>oportet,</span> <span class='ocrx_word' id='word_1_142' title='bbox 316 2746 355 2800; x_wconf 90' lang='lat' dir='ltr'>ut</span> <span class='ocrx_word' id='word_1_143' title='bbox 372 2731 574 2802; x_wconf 82' lang='lat' dir='ltr'>Rembinum</span> <span class='ocrx_word' id='word_1_144' title='bbox 592 2734 628 2801; x_wconf 93' lang='lat' dir='ltr'>in</span> <span class='ocrx_word' id='word_1_145' title='bbox 652 2729 827 2820; x_wconf 80' lang='lat' dir='ltr'>Terenti03</span> <span class='ocrx_word' id='word_1_146' title='bbox 848 2756 919 2800; x_wconf 91' lang='lat' dir='ltr'>non</span> <span class='ocrx_word' id='word_1_147' title='bbox 945 2729 1037 2824; x_wconf 91' lang='lat' dir='ltr'>quod</span> <span class='ocrx_word' id='word_1_148' title='bbox 1054 2729 1139 2800; x_wconf 88' lang='lat' dir='ltr'>liber</span> <span class='ocrx_word' id='word_1_149' title='bbox 1158 2731 1202 2799; x_wconf 87' lang='lat' dir='ltr'>sit</span> 
     </span>
     <span class='ocr_line' id='line_1_20' title="bbox 142 2835 1202 2948; baseline -0.002 -26"><span class='ocrx_word' id='word_1_150' title='bbox 142 2853 187 2922; x_wconf 80' lang='lat' dir='ltr'>ab</span> <span class='ocrx_word' id='word_1_151' title='bbox 213 2853 475 2948; x_wconf 86' lang='lat' dir='ltr'>interpolatione</span> <span class='ocrx_word' id='word_1_152' title='bbox 501 2852 554 2923; x_wconf 80' lang='lat' dir='ltr'>rel</span> <span class='ocrx_word' id='word_1_153' title='bbox 579 2879 693 2924; x_wconf 88' lang='lat' dir='ltr'>errore</span> <span class='ocrx_word' id='word_1_154' title='bbox 720 2857 830 2941; x_wconf 89' lang='lat' dir='ltr'>omni,</span> <span class='ocrx_word' id='word_1_155' title='bbox 856 2835 915 2922; x_wconf 82' lang='lat' dir='ltr'>sed</span> <span class='ocrx_word' id='word_1_156' title='bbox 944 2851 1036 2947; x_wconf 90' lang='lat' dir='ltr'>quod</span> <span class='ocrx_word' id='word_1_157' title='bbox 1062 2876 1202 2922; x_wconf 82' lang='lat' dir='ltr'>manunt</span> 
     </span>
     <span class='ocr_line' id='line_1_21' title="bbox 143 2970 1202 3070; baseline -0.003 -27"><span class='ocrx_word' id='word_1_158' title='bbox 143 2988 251 3070; x_wconf 74' lang='lat' dir='ltr'>postu</span> <span class='ocrx_word' id='word_1_159' title='bbox 269 2974 370 3069; x_wconf 83' lang='lat' dir='ltr'>longe</span> <span class='ocrx_word' id='word_1_160' title='bbox 388 2973 545 3069; x_wconf 86' lang='lat' dir='ltr'>plurimis</span> <span class='ocrx_word' id='word_1_161' title='bbox 564 2975 600 3044; x_wconf 87' lang='lat' dir='ltr'>in</span> <span class='ocrx_word' id='word_1_162' title='bbox 619 2973 699 3044; x_wconf 91' lang='lat' dir='ltr'>locis</span> <span class='ocrx_word' id='word_1_163' title='bbox 714 2974 890 3044; x_wconf 86' lang='lat' dir='ltr'>evidenter</span> <span class='ocrx_word' id='word_1_164' title='bbox 907 2987 1017 3042; x_wconf 87' lang='lat' dir='ltr'>servat</span> <span class='ocrx_word' id='word_1_165' title='bbox 1041 2997 1050 3040; x_wconf 76' lang='grc' dir='ltr'>ι</span> <span class='ocrx_word' id='word_1_166' title='bbox 1076 2973 1112 3040; x_wconf 89' lang='lat' dir='ltr'>in</span> <span class='ocrx_word' id='word_1_167' title='bbox 1130 2970 1202 3041; x_wconf 84' lang='lat' dir='ltr'>tali·</span> 
     </span>
     <span class='ocr_line' id='line_1_22' title="bbox 142 3093 1202 3192; baseline -0.001 -29"><span class='ocrx_word' id='word_1_168' title='bbox 142 3094 210 3164; x_wconf 88' lang='lat' dir='ltr'>bus</span> <span class='ocrx_word' id='word_1_169' title='bbox 224 3119 304 3166; x_wconf 85' lang='lat' dir='ltr'>vero</span> <span class='ocrx_word' id='word_1_170' title='bbox 321 3098 561 3192; x_wconf 77' lang='lat' dir='ltr'>manuscriptis</span> <span class='ocrx_word' id='word_1_171' title='bbox 581 3098 784 3166; x_wconf 86' lang='lat' dir='ltr'>mutationes</span> <span class='ocrx_word' id='word_1_172' title='bbox 799 3121 820 3166; x_wconf 87' lang='lat' dir='ltr'>a</span> <span class='ocrx_word' id='word_1_173' title='bbox 837 3093 1020 3166; x_wconf 86' lang='lat' dir='ltr'>lectoribus</span> <span class='ocrx_word' id='word_1_174' title='bbox 1037 3093 1091 3163; x_wconf 82' lang='lat' dir='ltr'>vel</span> <span class='ocrx_word' id='word_1_175' title='bbox 1109 3094 1202 3163; x_wconf 87' lang='lat' dir='ltr'>criti·</span> 
     </span>
     <span class='ocr_line' id='line_1_23' title="bbox 135 3216 1203 3312; baseline -0.003 -26"><span class='ocrx_word' id='word_1_176' title='bbox 135 3218 192 3298; x_wconf 77' lang='lat' dir='ltr'>cis</span> <span class='ocrx_word' id='word_1_177' title='bbox 205 3216 425 3287; x_wconf 75' lang='lat' dir='ltr'>lacturnulto</span> <span class='ocrx_word' id='word_1_178' title='bbox 441 3216 573 3288; x_wconf 79' lang='lat' dir='ltr'>facilius</span> <span class='ocrx_word' id='word_1_179' title='bbox 589 3217 900 3312; x_wconf 81' lang='lat' dir='ltr'>deprehenduntur,</span> <span class='ocrx_word' id='word_1_180' title='bbox 918 3240 1020 3310; x_wconf 89' lang='lat' dir='ltr'>qnam</span> <span class='ocrx_word' id='word_1_181' title='bbox 1037 3216 1074 3284; x_wconf 92' lang='lat' dir='ltr'>in</span> <span class='ocrx_word' id='word_1_182' title='bbox 1089 3239 1203 3284; x_wconf 88' lang='lat' dir='ltr'>recen-</span> 
     </span>
     <span class='ocr_line' id='line_1_24' title="bbox 144 3335 1201 3434; baseline -0.003 -28"><span class='ocrx_word' id='word_1_183' title='bbox 144 3339 303 3424; x_wconf 91' lang='lat' dir='ltr'>tioribus,</span> <span class='ocrx_word' id='word_1_184' title='bbox 324 3340 383 3432; x_wconf 91' lang='lat' dir='ltr'>qui</span> <span class='ocrx_word' id='word_1_185' title='bbox 402 3353 500 3426; x_wconf 90' lang='lat' dir='ltr'>sunt,</span> <span class='ocrx_word' id='word_1_186' title='bbox 521 3353 561 3408; x_wconf 90' lang='lat' dir='ltr'>ut</span> <span class='ocrx_word' id='word_1_187' title='bbox 576 3338 618 3408; x_wconf 92' lang='lat' dir='ltr'>de</span> <span class='ocrx_word' id='word_1_188' title='bbox 636 3353 747 3408; x_wconf 83' lang='lat' dir='ltr'>vetere</span> <span class='ocrx_word' id='word_1_189' title='bbox 763 3337 867 3434; x_wconf 85' lang='lat' dir='ltr'>pallio</span> <span class='ocrx_word' id='word_1_190' title='bbox 886 3337 1086 3406; x_wconf 87' lang='lat' dir='ltr'>Theocritus</span> <span class='ocrx_word' id='word_1_191' title='bbox 1104 3335 1201 3418; x_wconf 91' lang='lat' dir='ltr'>dicit,</span> 
     </span>
     <span class='ocr_line' id='line_1_25' title="bbox 141 3449 1202 3555; baseline -0.007 -24"><span class='ocrx_word' id='word_1_192' title='bbox 141 3449 237 3550; x_wconf 61' lang='grc' dir='ltr'><strong><em>ἔργον</em></strong></span> <span class='ocrx_word' id='word_1_193' title='bbox 251 3455 295 3529; x_wconf 72' lang='grc' dir='ltr'>ἐπ’</span> <span class='ocrx_word' id='word_1_194' title='bbox 316 3450 417 3549; x_wconf 62' lang='lat' dir='ltr'>dms</span> <span class='ocrx_word' id='word_1_195' title='bbox 432 3459 542 3552; x_wconf 89' lang='lat' dir='ltr'>Hujus</span> <span class='ocrx_word' id='word_1_196' title='bbox 559 3461 666 3554; x_wconf 84' lang='lat' dir='ltr'>igitur</span> <span class='ocrx_word' id='word_1_197' title='bbox 677 3485 742 3555; x_wconf 90' lang='lat' dir='ltr'>ope</span> <span class='ocrx_word' id='word_1_198' title='bbox 760 3460 908 3548; x_wconf 85' lang='lat' dir='ltr'>codicis,</span> <span class='ocrx_word' id='word_1_199' title='bbox 927 3457 1104 3528; x_wconf 86' lang='lat' dir='ltr'>aBarthio</span> <span class='ocrx_word' id='word_1_200' title='bbox 1123 3458 1202 3526; x_wconf 81' lang='lat' dir='ltr'>satis</span> 
     </span>
     <span class='ocr_line' id='line_1_26' title="bbox 142 3579 1202 3673; baseline -0.004 -23"><span class='ocrx_word' id='word_1_201' title='bbox 142 3596 299 3650; x_wconf 82' lang='lat' dir='ltr'>accurate</span> <span class='ocrx_word' id='word_1_202' title='bbox 323 3581 396 3667; x_wconf 83' lang='lat' dir='ltr'>(sed</span> <span class='ocrx_word' id='word_1_203' title='bbox 413 3605 484 3649; x_wconf 89' lang='lat' dir='ltr'>non</span> <span class='ocrx_word' id='word_1_204' title='bbox 504 3580 548 3651; x_wconf 82' lang='lat' dir='ltr'>od</span> <span class='ocrx_word' id='word_1_205' title='bbox 571 3583 831 3652; x_wconf 81' lang='lat' dir='ltr'>Gronovianunr</span> <span class='ocrx_word' id='word_1_206' title='bbox 849 3595 993 3666; x_wconf 82' lang='lat' dir='ltr'>textum,</span> <span class='ocrx_word' id='word_1_207' title='bbox 1012 3603 1112 3672; x_wconf 77' lang='lat' dir='ltr'>quern</span> <span class='ocrx_word' id='word_1_208' title='bbox 1139 3579 1202 3673; x_wconf 90' lang='lat' dir='ltr'>ipsi</span> 
     </span>
     <span class='ocr_line' id='line_1_27' title="bbox 142 3699 1201 3795; baseline -0.004 -25"><span class='ocrx_word' id='word_1_209' title='bbox 142 3700 290 3772; x_wconf 85' lang='lat' dir='ltr'>obtrusit</span> <span class='ocrx_word' id='word_1_210' title='bbox 308 3703 490 3789; x_wconf 81' lang='lat' dir='ltr'>Daumius,</span> <span class='ocrx_word' id='word_1_211' title='bbox 517 3701 575 3770; x_wconf 87' lang='lat' dir='ltr'>sed</span> <span class='ocrx_word' id='word_1_212' title='bbox 602 3700 647 3770; x_wconf 84' lang='lat' dir='ltr'>ad</span> <span class='ocrx_word' id='word_1_213' title='bbox 671 3699 1024 3795; x_wconf 82' lang='lat' dir='ltr'>Lindenbrogianum)</span> <span class='ocrx_word' id='word_1_214' title='bbox 1051 3699 1201 3783; x_wconf 83' lang='lat' dir='ltr'>excussi,</span> 
     </span>
     <span class='ocr_line' id='line_1_28' title="bbox 142 3819 1200 3917; baseline -0.003 -26"><span class='ocrx_word' id='word_1_215' title='bbox 142 3822 257 3892; x_wconf 90' lang='lat' dir='ltr'>sobrio</span> <span class='ocrx_word' id='word_1_216' title='bbox 280 3821 409 3915; x_wconf 89' lang='lat' dir='ltr'>judicio</span> <span class='ocrx_word' id='word_1_217' title='bbox 438 3845 515 3893; x_wconf 89' lang='lat' dir='ltr'>cum</span> <span class='ocrx_word' id='word_1_218' title='bbox 549 3821 687 3917; x_wconf 90' lang='lat' dir='ltr'>reliquis</span> <span class='ocrx_word' id='word_1_219' title='bbox 722 3821 836 3892; x_wconf 90' lang='lat' dir='ltr'>collati</span> <span class='ocrx_word' id='word_1_220' title='bbox 866 3846 936 3890; x_wconf 92' lang='lat' dir='ltr'>non</span> <span class='ocrx_word' id='word_1_221' title='bbox 966 3819 1087 3890; x_wconf 90' lang='lat' dir='ltr'>dubito</span> <span class='ocrx_word' id='word_1_222' title='bbox 1115 3819 1200 3912; x_wconf 93' lang='lat' dir='ltr'>quin</span> 
     </span>
     <span class='ocr_line' id='line_1_29' title="bbox 141 3942 1201 4039; baseline -0.003 -26"><span class='ocrx_word' id='word_1_223' title='bbox 141 3943 286 4014; x_wconf 86' lang='lat' dir='ltr'>Thebais</span> <span class='ocrx_word' id='word_1_224' title='bbox 305 3943 348 4013; x_wconf 88' lang='lat' dir='ltr'>ad</span> <span class='ocrx_word' id='word_1_225' title='bbox 358 3958 487 4014; x_wconf 86' lang='lat' dir='ltr'>tantam</span> <span class='ocrx_word' id='word_1_226' title='bbox 498 3945 724 4038; x_wconf 83' lang='lat' dir='ltr'>integritatem</span> <span class='ocrx_word' id='word_1_227' title='bbox 738 3943 879 4039; x_wconf 87' lang='lat' dir='ltr'>perduci</span> <span class='ocrx_word' id='word_1_228' title='bbox 898 3942 1022 4037; x_wconf 88' lang='lat' dir='ltr'>possit,</span> <span class='ocrx_word' id='word_1_229' title='bbox 1038 3954 1201 4035; x_wconf 83' lang='lat' dir='ltr'>quantam</span> 
     </span>
     <span class='ocr_line' id='line_1_30' title="bbox 141 4065 1203 4160; baseline -0.005 -26"><span class='ocrx_word' id='word_1_230' title='bbox 141 4065 243 4160; x_wconf 83' lang='lat' dir='ltr'>pauci</span> <span class='ocrx_word' id='word_1_231' title='bbox 252 4079 404 4135; x_wconf 84' lang='lat' dir='ltr'>veterum</span> <span class='ocrx_word' id='word_1_232' title='bbox 413 4066 619 4160; x_wconf 86' lang='lat' dir='ltr'>scriptorum</span> <span class='ocrx_word' id='word_1_233' title='bbox 635 4078 930 4160; x_wconf 78' lang='lat' dir='ltr'>recuperaverunt.</span> <span class='ocrx_word' id='word_1_234' title='bbox 939 4065 1030 4132; x_wconf 90' lang='lat' dir='ltr'>Usus</span> <span class='ocrx_word' id='word_1_235' title='bbox 1043 4075 1203 4157; x_wconf 71' lang='lat' dir='ltr'>preterea</span> 
     </span>
     <span class='ocr_line' id='line_1_31' title="bbox 141 4179 1202 4277; baseline -0.004 -23"><span class='ocrx_word' id='word_1_236' title='bbox 141 4185 301 4254; x_wconf 81' lang='lat' dir='ltr'>Rartbins</span> <span class='ocrx_word' id='word_1_237' title='bbox 319 4200 368 4255; x_wconf 79' lang='lat' dir='ltr'>est</span> <span class='ocrx_word' id='word_1_238' title='bbox 386 4184 454 4256; x_wconf 86' lang='lat' dir='ltr'>alio</span> <span class='ocrx_word' id='word_1_239' title='bbox 474 4185 517 4255; x_wconf 89' lang='lat' dir='ltr'>ab</span> <span class='ocrx_word' id='word_1_240' title='bbox 536 4186 618 4264; x_wconf 83' lang='lat' dir='ltr'>boc,</span> <span class='ocrx_word' id='word_1_241' title='bbox 639 4201 679 4255; x_wconf 88' lang='lat' dir='ltr'>ut</span> <span class='ocrx_word' id='word_1_242' title='bbox 699 4186 766 4274; x_wconf 89' lang='lat' dir='ltr'>ait,</span> <span class='ocrx_word' id='word_1_243' title='bbox 785 4185 938 4254; x_wconf 82' lang='lat' dir='ltr'>derivato</span> <span class='ocrx_word' id='word_1_244' title='bbox 959 4209 967 4252; x_wconf 77' lang='grc' dir='ltr'><em>τ</em></span> <span class='ocrx_word' id='word_1_245' title='bbox 985 4208 1029 4252; x_wconf 85' lang='lat' dir='ltr'>en</span> <span class='ocrx_word' id='word_1_246' title='bbox 1047 4179 1202 4277; x_wconf 91' lang='lat' dir='ltr'>pluribus</span> 
     </span>
    </p>
   </div>
   <div class='ocr_carea' id='block_1_3' title="bbox 0 0 1603 5148">
    <p class='ocr_par' dir='ltr' id='par_1_4' title="bbox 0 0 1603 5148">
     <span class='ocr_line' id='line_1_32' title="bbox 0 0 1603 5148; baseline 0 0"><span class='ocrx_word' id='word_1_247' title='bbox 0 0 1603 5148; x_wconf 95' lang='lat' dir='ltr'> </span> 
     </span>
    </p>
   </div>
  </div>
 </body>
</html>
