3200 5142
419 462 460 516 IN
480 463 510 518 Ρ.
531 460 824 517 P.·s'rnT11s1Lv.
846 461 916 516 LlB.
939 461 976 516 11.
1165 462 1218 517 261

168 577 231 633 sive
245 586 381 652 aptentur
394 589 423 634 et
436 579 565 653 cingant.'
574 580 651 634 Bene
665 575 826 650 explicatur
838 579 919 632 locus
940 576 1098 633 imitatione
1112 578 1223 636 Sidonii

170 670 358 744 Apollinaris,
373 689 462 746 quam
476 671 578 728 Markl.
594 680 755 745 comparat,
769 671 866 744 Epist.
881 688 955 740 vrrs,
973 683 1004 726 rt
1024 689 1030 723 :

334 851 444 915 sparsam
457 847 547 914 stringe
556 859 649 898 comam
662 846 756 897 virente
767 846 839 907 vitm

334 937 364 982 Et
377 948 447 1000 rugas
457 933 504 984 tibi
514 933 622 1000 syrmatis
634 931 748 1000 profundi

341 1017 485 1082 succingant
492 1017 571 1068 edere
581 1016 748 1084 expeditiores.

211 1183 378 1266 ⁸Gallionem
392 1206 429 1285 (v.
445 1206 503 1285 32).
520 1209 579 1282 Qui
593 1218 714 1284 patruus
728 1219 789 1264 erat
802 1209 910 1265 Lucani
924 1219 953 1265 et
966 1210 1078 1266 Senecae
1091 1210 1188 1267 frater.

215 1304 359 1359 Etdoctcs
372 1303 478 1377 equites
486 1301 524 1378 (v.
537 1301 598 1378 46).
607 1300 696 1376 Quod
710 1319 810 1358 verum
824 1320 883 1358 esse
896 1302 943 1358 vel
951 1303 1111 1359 Arbuscula
1123 1305 1220 1360 Horu-

170 1396 251 1452 tiana
261 1395 401 1466 ostendit,
414 1420 427 1446 a
438 1395 505 1452 satis
518 1405 562 1452 est
568 1395 693 1470 equitem
700 1393 772 1450 mibi
784 1393 950 1468 plaudere.»
960 1401 1113 1471 Argutatrrr
1121 1397 1221 1452 Mark-

160 1489 250 1545 land.
272 1499 301 1545 et
321 1490 431 1546 «celsos
452 1488 584 1564 equitesa
603 1486 735 1564 reponit,
753 1504 813 1561 qua
829 1486 859 1542 in
878 1506 909 1544 re
923 1486 1007 1543 etiam
1021 1487 1224 1545 Ruhnkeuium

172 1581 372 1637 assentientem
386 1581 485 1653 babet,
500 1582 542 1637 ad
560 1581 674 1656 Gregur.
692 1578 830 1647 Corinth„
845 1598 874 1652 p.
891 1579 959 1650 307,
973 1578 1018 1635 ed.
1033 1580 1130 1636 Scbaes.

211 1675 347 1748 Ingratus
360 1674 439 1729 Nero
452 1669 490 1750 (t.
507 1671 544 1730 58
558 1671 623 1748 sq).
638 1675 748 1729 Auctor
760 1669 825 1728 vitae
838 1671 948 1727 Lucani
963 1691 970 1726 τ
985 1672 1102 1729 «Prima
1116 1673 1224 1750 ingenii

169 1767 366 1846 experimenta
379 1766 410 1821 in
423 1765 558 1823 laudibus
570 1766 696 1822 Neronis
709 1764 790 1821 dedit
804 1764 1015 1840 quinquennali
1030 1765 1192 1822 certamine.
1208 1789 1223 1817 n

168 1864 212 1916 At
224 1858 271 1916 bic
290 1883 303 1909 a
319 1877 504 1934 nequaquam
517 1858 544 1916 ei
563 1858 654 1915 vicem
672 1857 816 1927 reddidit,
830 1857 1007 1914 laudatorem
1026 1877 1108 1914 suum
1129 1859 1223 1932 primo

169 1952 337 2022 aemulatus,
359 1970 429 2008 mox
452 1951 625 2028 refrigerans
643 1951 887 2025 deprimensque‚
906 1950 1032 2026 denique
1053 1950 1223 2008 occidens.»

172 2047 307 2102 Gronov.
319 2087 328 2114 ,
341 2062 378 2119 p.
389 2043 453 2100 183.
463 2046 560 2116 Quare
569 2044 931 2120 agraeos-Prasmon
947 2043 1137 2100 exhibebitur.
1153 2068 1165 2092 a
1174 2044 1225 2100 Ti-

170 2139 249 2194 tulus
262 2137 349 2210 bujus
361 2136 511 2211 poematii,
525 2137 556 2192 in
570 2156 631 2212 quo
646 2137 683 2194 de
696 2137 830 2212 Orpheos
844 2136 981 2192 descensu
995 2135 1032 2192 ad
1046 2136 1153 2192 inferos
1167 2138 1224 2214 egit
1255 2161 1258 2168 ¹

169 2229 402 2301 Lucanus‚fuit‚
417 2229 943 2308 credo‚1terqsevo;,8abtemneus,
965 2247 1016 2284 seu
1026 2228 1155 2302 Ombeus
1171 2231 1224 2285 Cu·
1242 2281 1246 2292 ,

169 2323 352 2379 tachtltonios
369 2342 379 2377 :
396 2324 453 2379 boc
466 2323 536 2378 mihi
554 2323 693 2400 suggessit
706 2321 852 2394 Lutatius,
866 2321 919 2397 qui
939 2321 976 2377 ad
1000 2321 1135 2375 Thebaid
1144 2361 1153 2388 ,
1175 2340 1223 2391 rx,

172 2423 244 2486 424,
259 2414 333 2471 duos
349 2434 449 2472 versus
470 2415 538 2472 citat
557 2435 593 2472 ex
613 2414 723 2472 Lucani
738 2415 899 2490 Catagcuio
911 2403 963 2483 (sic
984 2412 1104 2468 totidem
1122 2413 1224 2470 litteris

170 2507 276 2583 legitur
294 2507 379 2564 etiarn
397 2508 429 2563 in
450 2509 515 2565 cod.
529 2508 625 2586 Regia
638 2508 889 2578 bibliothecam.
905 2502 1009 2582 8063);
1022 2523 1109 2580 quam
1123 2525 1223 2563 vocem

170 2601 328 2676 intelligere
345 2601 482 2657 hactenus
494 2620 560 2666 non,
568 2603 722 2658 valuerimt
735 2597 926 2668 viri.eruditi;
940 2596 991 2653 sed
1004 2597 1027 2654 si
1040 2599 1116 2674 legas
1132 2598 1221 2655 caea-

170 2693 304 2749 clttltomb
313 2704 342 2749 et
348 2692 385 2749 de
397 2694 512 2768 Orpheo
518 2695 599 2768 apud
609 2693 722 2765 Itfieros
729 2690 866 2766 accipias,
881 2701 1028 2746 evanescet
1043 2691 1201 2747 obscuritas
1215 2713 1222 2746 τ

170 2785 229 2842 nisi
238 2786 319 2842 malis
334 2786 452 2843 Catouio
460 2825 469 2852 ,
485 2785 588 2842 eodem
602 2803 699 2856 sensu,
713 2785 750 2841 de
770 2803 831 2859 quo
849 2782 1001 2840 adeundus
1015 2784 1166 2842 Salmasius
1184 2784 1221 2841 ad

170 2877 331 2952 spartian,
343 2880 431 2945 Ado,
445 2896 475 2952 p.
493 2896 563 2948 17¹3
576 2887 606 2933 et
617 2877 675 2933 boc
688 2878 764 2933 sorte
776 2875 968 2947 veriuspvide
982 2876 1061 2947 Cro,
1076 2877 1168 2950 Epist
1182 2879 1225 2930 ad

171 2971 270 3038 Fam„
300 2988 360 3042 var,
381 2967 428 3025 ab.
445 2993 457 3018 s
475 2971 594 3025 Manu.
613 2970 745 3026 Certiora
764 2968 884 3025 fortasse
901 2966 990 3022 babes
1007 2967 1038 3022 in
1059 2985 1139 3024 nova·
1153 2967 1220 3023 edit.

170 3062 296 3134 Lucani,
311 3081 398 3138 φιω
411 3061 441 3116 in
454 3061 509 3117 bac
522 3062 596 3117 urbe
609 3061 708 3118 videre
721 3080 781 3117 non
795 3057 955 3135 potuimus.¹

213 3155 349 3212 Forma...
364 3156 466 3212 decore
480 3151 517 3232 (v.
532 3151 570 3210 85
585 3151 647 3232 sq.).
664 3155 725 3211 Hos
737 3171 835 3210 versus
848 3151 951 3208 Mariti.
966 3153 1068 3209 merito
1081 3171 1137 3227 pro
1151 3172 1222 3228 spu-

169 3247 219 3304 riis
232 3247 326 3304 babet.

212 3342 301 3396 Festa
315 3337 354 3418 (v.
369 3337 429 3416 90).
444 3341 516 3398 Cod.
530 3341 652 3417 Rhedig.
670 3362 676 3396 :
691 3365 704 3392 ι
719 3343 784 3400 satu.
802 3366 814 3394 υ

160 3440 165 3446 ’
212 3449 260 3504 Sic
273 3461 301 3505 et
311 3460 339 3503 tu
353 3445 458 3531 (rubidi
470 3447 553 3517 nesus
568 3451 704 3524 tyranni!
710 3447 721 3528 J
735 3453 836 3506 lassus
852 3448 890 3527 (v.
909 3445 985 3526 roo).
1001 3444 1169 3503 Wakefield.
1184 3447 1222 3502 ad

168 3544 299 3612 Lucret.‚
312 3560 353 3611 11,
368 3558 442 3616 799,
455 3540 568 3615 scripsit
583 3561 590 3598 ε
605 3565 618 3594 ι
631 3545 659 3600 S.
674 3554 703 3600 et
717 3555 748 3600 tu
761 3544 864 3601 rabido
878 3541 968 3618 (netas
974 3537 994 3619 l)
1009 3551 1131 3615 tyranno
1152 3543 1220 3597 Jus-

168 3653 230 3704 sus,
245 3644 319 3690 etc.»
808 3657 812 3664 v

216 3727 319 3781 Terras
337 3727 459 3801 despicis
477 3739 506 3784 et
518 3732 652 3804 sepulcra
671 3730 748 3785 rides
763 3727 806 3806 (r.
826 3724 901 3804 110).
921 3751 934 3776 r
949 3725 1058 3782 Alludit
1076 3724 1114 3782 ad
1131 3724 1221 3799 ipsius

169 3817 279 3872 lncani
291 3819 397 3889 verba,
410 3819 494 3876 initio
512 3821 581 3878 libri
594 3841 641 3892 rx,
655 3821 691 3878 de
705 3820 852 3896 Pompeio.
870 3843 882 3869 ιι
898 3821 1017 3874 Menan.
1036 3819 1107 3892 Sqq.
1122 3835 1221 3873 versus

170 3909 245 3966 bene
258 3909 381 3984 explicat
392 3912 536 3986 Gronov„
549 3933 578 3988 p.
597 3932 653 3989 1¹9
662 3933 727 3990 sqq.
742 3935 749 3969 :
765 3939 777 3964 a
788 3914 845 3970 Seu
855 3922 934 3968 tenes
946 3912 1062 3967 beauun
1077 3911 1106 3965 in
1119 3909 1221 3986 Elysiis

158 4002 276 4076 campis
288 4013 318 4058 et
330 4004 404 4060 benc
418 4007 544 4062 menam
553 4003 609 4082 (ita
622 4005 698 4062 enim
713 4006 795 4083 legit,
809 4005 862 4062 etsi
875 4007 1084 4080 alterutriusque
1098 3999 1218 4059 rectum*

168 4111 270 4151 nemus
284 4095 403 4171 quartis,
417 4117 503 4173 quam
517 4109 548 4156 tu
564 4097 684 4155 inducto
699 4110 727 4154 ct
740 4098 860 4155 reducto
875 4098 995 4171 Orpheo
1008 4094 1185 4152 reclusistis»
