3172 5142
138 495 175 558 (t-
189 495 259 558 745.)
460 490 674 548 Tunaamos
695 487 807 544 LIBER
825 487 883 542 vlt
1141 484 1193 540 113

139 617 251 688 Solvit
264 617 389 704 hiems,
410 632 469 688 aut
489 617 577 684 vieta
597 616 663 682 situ
684 637 753 681 non
773 608 911 705 pertulit
928 622 1028 692 aetas;

139 735 262 807 Desilit
280 733 468 804 horrendus
483 759 604 830 campo
622 735 742 820 timor,
763 756 874 819 arma,
892 731 1049 824 virosque

141 857 266 928 Limite
284 880 353 924 non
375 879 464 942 uno,
483 853 700 948 longaevaque
717 851 840 922 robora
859 875 990 920 secum·

139 976 375 1071 Praeeipitans,
395 972 599 1067 tandemque
617 973 797 1042 exhaustus
815 972 947 1041 turbine
965 969 1070 1058 fesso,
1139 1027 1141 1034 ,

139 1101 208 1166 Aut
227 1094 346 1164 vallem
368 1109 483 1181 cavat,
501 1109 560 1163 aut
578 1092 706 1162 medios
725 1092 896 1187 intercipit
915 1116 1041 1161 amnes.

190 1197 268 1286 Non
286 1240 381 1286 secus
398 1217 594 1311 ingentique
611 1216 685 1283 viro
705 1237 895 1308 magnoque
916 1225 1072 1308 gravatus

138 1340 245 1406 Temo
261 1340 352 1424 Deo,
374 1361 465 1405 nunc
482 1335 565 1420 hoc,
585 1360 675 1404 nunc
697 1333 754 1402 illo
773 1335 808 1403 in
825 1335 986 1428 sanguine
1004 1333 1119 1403 fervet

139 1461 217 1552 Ipse
237 1454 354 1526 sedens
372 1454 461 1545 telis,
478 1431 670 1551 pariterque
688 1457 858 1552 ministrat
876 1453 1015 1524 habenis

138 1575 279 1646 Delius:
300 1577 371 1671 ipse
392 1575 633 1670 docetjactus,
654 1574 863 1670 adversaque
878 1574 982 1645 flectit

138 1695 293 1792 Spicula,
313 1695 550 1791 fortunamque
567 1696 671 1765 hastis
690 1695 901 1767 venientibus
917 1693 1039 1766 aufert.

138 1819 342 1886 Sternuntur
359 1830 457 1885 terrae
476 1814 630 1885 Menalas
642 1814 768 1914 pedes,
788 1816 958 1910 Antiphus
975 1813 1045 1884 alto

140 1935 198 2008 Nil
219 1934 373 2006 defensus
393 1961 497 2030 equo,
518 1937 716 2032 genitusque
733 1934 932 2005 Heliconide
947 1935 1106 2030 Nympha

140 2056 296 2145 AEthion,
314 2081 465 2150 caesoque
479 2055 616 2136 ¹infamis
632 2056 737 2126 fratre
754 2054 903 2144 Polites,

138 2180 355 2272 Conatusque
375 2179 456 2248 toris
474 2179 627 2248 vittatam
642 2178 806 2272 attingere
823 2179 943 2246 Manto

137 2301 286 2393 Lampus
306 2323 314 2365 :
335 2299 371 2366 in
390 2298 481 2367 hunc
499 2323 610 2367 sacras
626 2297 773 2367 Phoebus
792 2295 885 2366 dedit
901 2297 972 2390 ipse
992 2297 1138 2391 sagittas.

186 2422 231 2489 Et
242 2419 313 2512 jam
328 2418 524 2514 cornipedes
545 2415 675 2513 tiepida
691 2441 729 2486 ac
749 2415 951 2486 moribunda
969 2415 1123 2486 reflantes

138 2544 305 2634 Corpora,
323 2542 491 2610 rimantur
506 2553 629 2628 terras,
647 2539 823 2632 omnisque
840 2563 901 2633 per
914 2553 1007 2607 artus

137 2661 275 2750 Suleus,
294 2677 328 2732 et
344 2663 456 2732 incisis
475 2659 582 2731 altum
600 2661 700 2732 rubet
718 2660 829 2729 orbita
846 2659 1016 2730 membris.

137 2786 208 2852 Hos
227 2783 297 2876 jam
316 2784 509 2878 ignorantes
525 2782 603 2850 terit
622 2781 744 2875 impius
763 2781 851 2866 axis3
874 2794 908 2849 at
927 2777 976 2872 illi

138 2903 286 2973 Vulnere
305 2904 503 2990 semineces,
522 2927 585 2972 nec
603 2901 752 2970 devitare
769 2899 929 2990 facultas,

136 3027 327 3094 Venturum
347 3047 449 3118 super
466 3048 527 3093 ora
545 3020 660 3092 vident
676 3048 684 3090 :
701 3023 772 3116 jam
789 3019 920 3091 lubrica
939 3025 1017 3092 tabo

136 3147 260 3226 Frena,
280 3168 342 3213 nec
360 3145 467 3213 insisti
487 3141 641 3212 madidus
660 3140 721 3211 dat
737 3156 846 3229 temo,
866 3157 1014 3236 rotaeque

138 3263 309 3358 Sanguine
326 3260 496 3352 difficiles,
514 3277 549 3330 et
563 3261 691 3331 tardior
710 3260 836 3356 ungula
857 3261 953 3332 fossis

136 3381 354 3454 Visceribus:
376 3396 457 3452 tunc
474 3383 545 3477 ipse
564 3381 678 3450 furens
698 3384 734 3450 in
752 3397 861 3450 morte
879 3381 997 3451 relicta

136 3500 288 3597 Spicula,
310 3517 343 3572 et
360 3527 379 3571 e
400 3501 517 3572 mediis
536 3517 702 3571 exstantes
721 3502 852 3570 ossibus
869 3503 983 3571 hastas

136 3621 257 3694 Avellit
276 3650 283 3692 :
304 3621 450 3693 stridunt
465 3625 602 3712 animae,
622 3646 826 3715 currumque
845 3639 1040 3716 sequuntur.

184 3742 333 3812 Tandem
352 3768 387 3812 se
409 3742 534 3813 famulo
553 3767 720 3812 summum
739 3741 910 3811 confessus
926 3743 1066 3838 Apollo,

136 3865 267 3932 «Utere
286 3860 359 3932 luce
377 3875 450 3950 tua,
468 3861 688 3957 longamque,
709 3863 776 3949 ait,
795 3861 897 3932 indue
917 3862 1058 3952 famam,

135 3988 228 4055 Dum
247 3983 305 4051 tibi
327 4007 382 4052 me
393 3983 552 4077 junctum
569 4005 659 4051 mors
677 3982 862 4052 irrevocata
879 3987 1025 4053 veretur.

136 4105 336 4174 Vincimur:
359 4105 502 4173 immites
523 4103 587 4174 seis
608 4099 701 4172 nulla
717 4103 889 4174 revolvere
904 4106 1029 4174 Parcas

276 4245 314 4293 11.
999 4241 1021 4308 g
