3192 5148
383 491 420 559 rs
739 489 769 542 e.
793 487 915 542 raram
937 485 1057 542 s‘rrrn
1348 499 1428 552 (ts.)

383 620 462 687 Haec
481 612 590 708 pelagi
610 609 755 682 clamore
771 611 936 698 fremunt;
954 609 1024 678 haec
1044 623 1131 677 tecta
1148 633 1285 678 sonoros

384 737 547 831 Ignorant
557 723 697 818 fluctus,
720 745 884 825 terreque
903 727 1034 799 silentia
1051 726 1193 797 malunt.

432 854 493 922 His
512 849 593 920 favit
612 853 743 921 Natura
759 847 842 918 locis
861 875 868 918 :
890 849 945 918 bic
965 849 1069 935 victa,
1089 846 1213 918 colenti

384 972 506 1059 Cessit,
526 983 559 1040 et
576 970 709 1064 ignotos
729 967 846 1038 docilis
861 968 1049 1038 mansuevit
1065 967 1101 1038 in
1121 991 1212 1038 usus.

384 1093 484 1160 Mons
501 1102 573 1159 erat
590 1088 661 1176 hic,
680 1087 739 1156 ubi
753 1085 855 1181 plana
873 1085 965 1156 vides
982 1113 990 1155 ι
1010 1087 1081 1158 haec
1100 1084 1206 1156 lustra
1226 1085 1378 1170 dierunt,
1466 1157 1474 1166 ,

385 1211 470 1297 Quas
484 1233 575 1278 nunc
595 1221 683 1292 tecta
702 1205 792 1276 subis
813 1231 821 1274 ε
845 1205 902 1275 ubi
919 1229 1010 1274 nunc
1029 1229 1166 1276 nemora
1186 1203 1291 1274 ardua
1306 1204 1428 1288 cernis,

383 1330 448 1398 Hic
467 1353 529 1397 nec
548 1341 637 1396 terra
656 1325 719 1394 fuit
740 1349 749 1393 ε
770 1324 901 1394 domuit
916 1347 1095 1419 possessor,
1115 1337 1149 1393 et
1168 1321 1263 1392 illum

384 1450 598 1517 Formantem
615 1467 736 1538 rupes,
753 1457 1069 1542 expugnantemque
1082 1457 1194 1513 secuta

385 1563 519 1636 Gaudet
533 1565 665 1634 humus.
681 1564 783 1633 Nunc
802 1587 902 1633 cerne
912 1563 1032 1658 jugum
1049 1562 1210 1632 discentia
1226 1587 1320 1649 saxa,

384 1688 620 1778 Intrantesque
635 1682 767 1770 domos,
785 1683 980 1776 jussumque
999 1682 1154 1752 recedere
1169 1696 1329 1752 montem.

384 1808 458 1872 Janr
474 1803 690 1897 Methymnaei
708 1802 795 1870 vatis
814 1825 955 1890 manus,
974 1816 1009 1870 et
1025 1799 1137 1895 chelys
1156 1825 1242 1871 una

384 1923 543 2010 Thebais,
559 1935 593 1991 et
608 1922 718 1990 Getici
736 1920 833 1990 cedat
849 1920 909 1990 tibi
926 1919 1033 2015 gloria
1050 1918 1187 2014 plectri:

384 2047 429 2112 Et
448 2055 485 2110 tu
500 2065 578 2110 saxa
598 2063 726 2127 moves,
747 2055 781 2109 et
801 2053 833 2108 te
850 2064 989 2109 nemora
1006 2036 1073 2108 alta
1093 2053 1288 2134 sequnntur.

433 2159 527 2252 Quid
544 2160 686 2229 referam
706 2171 833 2228 veteres
849 2183 999 2252 ceraeque
1012 2159 1152 2252 aerisque
1171 2156 1320 2254 figuras?

386 2281 421 2349 Si
436 2279 518 2374 quid
540 2277 669 2373 Apellei
688 2276 835 2372 gaudent
851 2277 1014 2346 animasse
1031 2275 1176 2363 colores;

387 2401 422 2469 si
443 2399 524 2492 quid
539 2398 649 2467 adhuc
662 2421 768 2466 vacua
785 2409 898 2466 tamen
910 2395 1107 2467 admirabile
1124 2397 1201 2470 Pisa

385 2519 551 2590 Phidiacae
568 2543 679 2587 rasere
699 2541 818 2587 manus
839 2543 847 2585 :
869 2517 960 2611 quod
979 2517 1021 2588 ab
1042 2533 1114 2588 arte
1133 2518 1300 2612 Myronis,

387 2642 456 2708 Aut
475 2635 665 2732 Polycleteo
690 2637 819 2730 jussum
835 2638 990 2730 estquod
1009 2640 1121 2707 vivere
1139 2637 1237 2725 coelo,

385 2759 531 2850 AEraque
548 2755 591 2825 ab
605 2756 793 2825 Isthmiacis
812 2780 895 2826 auro
916 2759 1048 2852 potiora
1066 2757 1203 2845 sav'illis3
1332 2853 1335 2858 μ

267 2945 277 2958 ,
386 2877 619 2963 Oraducum,
635 2890 669 2945 et
687 2891 816 2967 vatum,
834 2879 1090 2973 sapientumque
1105 2904 1165 2949 ora
1186 2880 1353 2974 priorum,

386 3000 481 3087 Quos
500 2998 559 3066 tibi
580 3022 661 3066 cura
676 2999 784 3091 sequi,
802 3021 887 3092 quos
906 3011 977 3068 toto
997 3013 1133 3093 pectore
1149 3003 1253 3070 sentis

386 3122 513 3212 Expers
535 3119 726 3204 turbarum,
740 3133 841 3213 atque
861 3121 1011 3188 animum
1031 3120 1156 3189 virtute
1175 3122 1288 3215 quieta

388 3239 618 3332 Compositus‚
639 3262 836 3332 semperque
858 3252 945 3308 tuus.
966 3239 1060 3328 Quid
1081 3237 1172 3308 mille
1191 3239 1361 3320 revolvam

388 3356 560 3444 Culmina,
576 3357 771 3451 visendique
790 3358 904 3427 vices?
924 3382 982 3427 sua
1003 3360 1123 3452 cuique
1143 3358 1312 3453 voluptas,

389 3481 500 3571 Atque
517 3480 609 3545 omni
626 3479 801 3572 proprium
813 3477 961 3547 thalamo
973 3503 1088 3547 mare:
1104 3493 1262 3574 transque
1270 3482 1435 3575 jacentem

388 3597 499 3667 Nerea
517 3596 655 3666 diversis
674 3580 851 3682 servitani
870 3611 960 3670 terra
980 3598 1142 3670 fenestris.

300 3707 304 3714 ’
388 3713 467 3784 Hace
486 3715 577 3817 videt
596 3717 781 3803 Inarimen,
797 3715 846 3787 illi
859 3718 1030 3812 ¹Prochyta
1049 3745 1166 3814 aspera
1186 3735 1281 3816 paret
1301 3747 1310 3788 z

388 3837 543 3931 Armiger
561 3836 640 3904 hinc
658 3837 771 3932 magni
787 3852 881 3932 patet
900 3841 1077 3910 Hectoris:
1096 3825 1379 3936 indemalignum

389 3957 478 4024 Aera
498 3956 640 4048 respirat
658 3954 776 4052 pelago
796 3959 991 4028 circumflua
1008 3963 1132 4031 Nesis:
1228 4015 1230 4022 ,

388 4072 472 4142 Inde
490 4074 583 4168 vagis
598 4101 697 4146 omen
717 4075 794 4146 felix
810 4075 949 4172 Euploea
966 4081 1107 4168 carinis,
1151 4053 1154 4060 ¹
