3080 5136
114 549 148 600 (v.
164 551 214 612 ra.)
308 541 434 596 VERBA
453 529 629 595 ACHILLIS
650 539 691 595 ΙΝ
712 537 981 595 PARTHENONE.
1113 535 1167 606 357

113 655 333 748 Semiserique
352 657 472 724 animis
489 654 601 725 recolo
616 671 783 750 praccepta
800 647 968 753 magistri?

114 779 187 848 Nec
205 757 347 872 puerum
360 777 481 848 'decuit
496 776 652 846 muliebri
668 792 804 872 pectora
820 775 920 872 peplo

114 899 276 988 Induere,
296 914 330 970 et
345 915 493 970 teneram
509 923 624 994 gressu
642 898 799 968 simulare
819 897 973 994 puellam.

114 1023 219 1092 Nunc
233 1022 338 1116 igitur
351 1047 502 1092 crescens
518 1023 616 1092 annis
633 1022 819 1116 sapientior
836 1036 915 1090 aetas

115 1145 264 1214 Devovit
279 1146 399 1232 Marti,
420 1145 529 1215 tenuit
545 1169 619 1240 quae
636 1142 739 1213 corda
756 1142 911 1238 Cupido,

116 1267 617 1364 BelligerumqueDcumquum
627 1280 803 1335 menstum
812 1263 962 1334 membra
973 1277 1170 1368 sequuntur.

117 1392 270 1461 Stamina
286 1388 476 1485 linquentes
495 1403 636 1458 currant
654 1387 696 1456 ad
718 1386 847 1482 spicula
865 1386 1000 1482 palmae,

116 1513 383 1607 Terrificumque
404 1525 506 1606 caput
523 1509 660 1605 praelixa
676 1507 804 1594 casside
822 1510 957 1578 mitram

118 1633 239 1722 pellat,
259 1635 346 1704 etin
366 1631 483 1726 gracili
501 1630 706 1701 decorentur
725 1644 878 1725 tempora
894 1629 1001 1718 ferro;

117 1760 221 1825 Arma
237 1768 352 1848 tegant
369 1767 521 1823 nostrum
540 1751 768 1847 potiusquam
785 1773 931 1844 suppara
947 1773 1085 1845 corpus;

118 1881 147 1947 A
164 1875 239 1947 telis
252 1876 301 1949 ad
315 1874 380 1945 tela
397 1874 491 1944 decet
511 1875 653 1944 transire
668 1875 859 1980 juventam,

120 2004 232 2092 Atque
252 1999 362 2068 hostes
379 1996 491 2092 gladio
508 2021 609 2090 quam
628 1994 720 2064 lanas
738 1993 878 2064 fundere
894 1992 987 2074 fuso;

12 2099 16 2105 ¹
34 2115 37 2118 ’
118 2121 246 2189 Tenuia
264 2118 376 2188 loricae
391 2117 513 2188 cedant
529 2116 680 2186 multicia
699 2115 796 2201 lorti,

120 2238 300 2334 Splendeat
316 2256 350 2310 et
366 2255 482 2336 raptus
499 2240 650 2335 projecto
670 2239 801 2333 pectine
815 2261 949 2324 mucr03

121 2364 306 2430 Contemtis
322 2362 425 2432 radiis
439 2376 623 2431 onerentur
636 2359 774 2428 brachia
793 2357 879 2452 pilis.

121 2482 241 2553 Clausa
260 2481 319 2552 diu
337 2482 484 2553 thalamo
503 2481 682 2552 reddamus
700 2495 837 2577 pectora
846 2487 970 2574 'campo
986 2505 994 2547 ε

120 2605 296 2673 Praesumit
315 2619 440 2672 certam
456 2606 564 2673 virtus
584 2604 647 2672 sibi
664 2581 797 2672 conscia
815 2600 977 2697 palmam,

119 2728 168 2795 Ac
186 2726 306 2795 dubios
324 2724 447 2818 gaudet
463 2725 610 2821 perferre
625 2727 778 2794 interrita
796 2749 902 2792 casus.

121 2844 177 2917 Nil
192 2859 320 2914 metuat
336 2847 394 2939 qui
408 2870 538 2940 magna·
546 2844 642 2938 cupit
657 2844 873 2912 :constantia
889 2845 1010 2916 mentis

119 2971 199 3037 Fata
213 2967 343 3054 domat·;
361 2992 423 3036 nec
436 2968 506 3060 jam
525 2965 613 3061 potis
627 2979 677 3033 est
693 2967 843 3034 Fortuna
857 2989 978 3035 nocere

120 3093 244 3159 Securo
263 3091 394 3176 mortis,
413 3089 468 3156 cui
488 3112 558 3156 non
578 3101 657 3156 sunt
675 3084 762 3156 bella
779 3087 901 3155 timori.

120 3211 275 3282 Fortibus
290 3235 359 3279 una
372 3211 453 3278 viris
470 3207 652 3304 parilisque
668 3233 728 3303 per
746 3210 860 3276 omnia
879 3223 1033 3296 sorsest,

119 3336 187 3402 Aut
199 3330 316 3426 palmas
333 3345 393 3400 aut
410 3329 466 3400 leti
486 3329 671 3425 pugnando
685 3329 862 3423 adquirere
881 3327 1024 3399 laudem.
1089 3383 1091 3388 ,

120 3455 264 3522 Cernere
278 3455 348 3547 jam
366 3451 493 3537 videor,
512 3466 639 3545 quanta
656 3451 807 3521 mercede
828 3453 955 3521 cruoris

120 3575 428 3670 Constabit-raptus
445 3575 557 3644 Paridi
577 3577 771 3668 crimenque
780 3576 915 3669 jacenti.

120 3697 227 3767 Obvia
246 3698 400 3766 cristatus
417 3687 521 3790 quum
542 3699 701 3793 sparserit
716 3698 851 3788 agmina
867 3713 998 3786 vertex,

118 3822 159 3886 Et
177 3817 249 3888 solo
266 3818 424 3914 adspectu
443 3818 642 3890 claudentur
659 3823 820 3912 Pergama
838 3834 970 3910 nostro,

119 3941 299 4035 Quumque
316 3966 425 4010 novus
439 3941 529 4010 fusos
546 3939 686 4011 bellator
703 3940 821 4010 fudero
834 3943 979 4012 Teucros
997 3968 1005 4010 :

9 4101 12 4106 ·
118 4060 224 4132 Multa
242 4063 351 4133 trahet
370 4064 499 4134 Xanthi
518 4064 663 4158 Trojana
681 4063 841 4134 cadavera
861 4089 1000 4159 gurges,
