3200 5142
400 524 457 582 240
708 471 921 567 rumimos
943 510 1055 566 traua
1075 508 1129 564 111.
1337 509 1369 570 (v.
1381 505 1458 568 ω.)

399 641 525 712 Elicior
544 637 691 708 tenebris
711 635 902 706 :aliomihi
920 635 1033 704 debita
1050 635 1119 704 fato

399 767 541 858 Summa
560 757 645 847 dies,
665 759 874 851 vetitumque
892 755 965 825 dari
984 751 1184 824 mortalibus
1201 753 1313 822 armis.

401 883 467 954 Sed
489 908 542 952 me
559 896 669 951 vester
687 905 799 968 amor,
818 881 1008 972 nimiusque
1024 902 1149 948 arcana
1167 877 1290 970 profari

402 1004 546 1074 Phoebus
558 1004 649 1098 agit:
664 1000 758 1070 vobis
769 1015 926 1086 ventura,
940 1013 1043 1092 atque
1056 1021 1171 1085 omne,
1187 995 1279 1090 quod
1289 994 1377 1065 ultra
1390 1011 1455 1081 est,

401 1124 551 1194 Pandere
568 1136 706 1192 moestus
726 1146 767 1190 eo
783 1148 791 1190 ε
807 1145 885 1190 nam
905 1135 955 1204 te,
973 1144 1113 1204 vesane,
1131 1119 1260 1187 moneri

402 1251 490 1318 Ante
507 1245 617 1330 nefas,
634 1245 761 1337 unique
782 1240 856 1311 silet
875 1242 937 1310 tibi
959 1255 1073 1310 noster
1090 1237 1225 1334 Apollo.

403 1369 484 1456 Quo
503 1365 634 1452 miseri,
648 1366 739 1432 Fatis
756 1363 960 1457 Superisque
975 1360 1208 1446 obstantibus,
1226 1385 1336 1448 arma,

295 1467 297 1472 ι
403 1489 482 1577 Quo
504 1482 643 1580 rapitis?
662 1507 737 1578 quae
755 1508 815 1552 vus
832 1484 1011 1552 Furiarum
1031 1482 1169 1551 verbera
1184 1505 1289 1551 cecos

405 1603 610 1700 Exagitaut?
626 1601 755 1672 adeone
772 1604 963 1672 animarum
981 1602 1103 1672 taedet?
1119 1591 1280 1698 et'Argos

406 1725 528 1796 Exosi?
546 1724 593 1793 nil
613 1722 711 1793 dulce
724 1723 836 1793 domi?
854 1722 947 1793 nulla
961 1725 1073 1793 omina
1092 1723 1206 1793 curae?

408 1846 503 1936 Quid
524 1871 577 1914 me
595 1847 707 1916 Persei
728 1861 855 1914 secreta
874 1845 917 1914 ad
935 1844 1084 1915 culmina
1100 1846 1226 1914 montis

407 1975 461 2038 lre
479 1966 586 2062 gradu
604 1966 736 2060 trepido
757 1990 965 2060 superosque
983 1969 1171 2062 irrumpere
1187 1982 1293 2035 coetus

407 2088 549 2183 Egistis?
569 2089 662 2182 potui
680 2089 805 2180 pariter
826 2089 970 2174 nescire,
989 2088 1064 2181 quis
1082 2088 1185 2156 armis

388 2274 393 2292 ,
409 2214 534 2297 Casus,
551 2225 585 2278 et
602 2224 675 2278 atra
693 2208 781 2298 dies,
799 2233 872 2304 quae
891 2208 949 2278 tati
965 2210 1102 2280 exordia
1119 2211 1267 2296 cunctis,

411 2331 497 2420 Quae
516 2331 600 2401 mihi
619 2357 626 2399 :
648 2327 794 2400 consulti
811 2344 918 2398 testor
935 2329 1121 2425 penetralia
1139 2331 1279 2414 mundi,

411 2455 454 2522 Et
478 2451 655 2522 volucrum
671 2449 813 2539 affatus,
831 2465 866 2520 et
884 2464 937 2540 te,
954 2452 1171 2546 Thymbraee,
1193 2454 1326 2522 vocanti

411 2575 491 2644 Non
509 2571 591 2643 alias
607 2587 676 2642 tam
697 2597 781 2641 saeve
799 2571 897 2662 mihi,
916 2597 990 2666 quae
1006 2576 1100 2669 signa
1117 2573 1222 2642 futuri

410 2691 611 2763 Pertulerim
631 2692 724 2761 :vidi
743 2694 888 2788 ingentis
906 2708 1063 2789 portenta
1079 2695 1208 2764 ruiuae:

410 2814 490 2886 vidi
503 2815 693 2918 hominum,
712 2815 907 2908 Divumque
922 2813 1029 2901 nefas,
1043 2812 1251 2911 hilaremque
1268 2820 1464 2913 Megaeram,

410 2940 456 3006 Et
472 2936 648 3007 Lachesim
665 2937 759 3032 putri
780 2951 981 3007 vacuantem
999 2937 1118 3008 saecula
1134 2961 1251 3034 penso.

462 3058 653 3152 «Projicite
669 3083 763 3128 arma
779 3082 895 3129 mauu.
913 3063 1005 3129 Deus
1024 3085 1103 3130 ecce
1120 3059 1310 3130 furentibus
1330 3062 1461 3132 obstat:

413 3183 499 3250 Ecce
518 3182 631 3268 Deus;
647 3178 864 3274 miseri‚quid
880 3178 1060 3275 pulchrum
1076 3183 1237 3278 sanguiue
1254 3183 1345 3252 victo

412 3301 559 3372 Aoniam
576 3315 609 3369 et
627 3300 692 3369 diri
711 3316 862 3370 saturare
878 3301 1013 3372 novalia
1029 3301 1173 3373 Cadmi?

413 3422 480 3493 Sed
495 3421 578 3517 quid
594 3445 680 3492 vana
701 3421 810 3492 cauo?
825 3419 907 3517 quid
923 3423 1008 3494 fixos
1023 3449 1123 3495 arceo
1138 3427 1257 3496 casus?

414 3543 551 3612 Ibimus.
566 3571 584 3608 2>
600 3542 665 3611 Hic
679 3567 794 3638 presso
812 3547 940 3640 gemuit
956 3544 1055 3616 simul
1073 3572 1133 3617 ore
1153 3547 1318 3618 sacerdos.

462 3660 564 3731 Illum
574 3663 698 3734 iterum
710 3668 912 3761 Capaneus:
931 3671 1049 3737 «Tuus
1063 3695 1084 3737 o
1096 3668 1203 3758 furor,
1221 3695 1344 3765 augur,
1358 3687 1394 3742 et
1412 3675 1468 3742 uui

413 3787 482 3854 Ista
499 3783 579 3873 tibi,
596 3799 635 3854 ut
655 3811 766 3856 serves
784 3811 908 3858 vacuos
924 3787 1089 3884 inglorius
1105 3794 1236 3886 Argos:

414 3909 457 3977 Et
474 3921 533 3976 tua
551 3931 620 3976 non
639 3933 789 4002 unquam
810 3911 1005 4006 Tyrrhenus
1024 3927 1178 4007 tempora
1197 3915 1326 3984 circum

322 4073 326 4080 -
415 4026 564 4123 Clangor
585 4043 659 4098 eat:
678 4030 761 4125 quid
786 4045 865 4102 vota
881 4033 992 4106 virum
1010 4031 1149 4103 meliora
1166 4034 1329 4105 moraris?

415 4147 551 4220 Scilicet
573 4166 612 4221 ut
627 4151 721 4222 vanis
737 4153 874 4244 avibus,
894 4170 1062 4249 natoque,
1080 4155 1262 4252 domoque,
