3156 5138
119 564 154 624 (ι,
166 563 219 627 u.)
440 561 634 620 suvrauu
654 562 765 620 unna
784 561 833 618 iv.
1113 561 1167 618 us

119 688 211 754 Mira
227 682 327 755 fides!
347 669 505 755 credetne
521 686 632 754 virum
648 699 789 754 ventura
804 707 973 780 propago,

120 805 241 892 Quum
257 819 384 899 segetes
402 805 545 891 iterum,
562 828 666 898 quum
680 806 750 898 jam
766 804 836 874 haec
852 802 982 872 deserta
994 803 1169 894 virebunt,

119 923 216 992 Infra
237 924 336 992 urbes
352 921 561 1018 populosque
576 924 702 1017 premi,
721 923 937 1017 proavitaque
955 934 1025 991 toto

113 1045 218 1111 'Rure
238 1043 356 1111 abiisse
374 1040 483 1111 mari?
502 1065 563 1111 nec
583 1040 665 1110 dum
682 1041 780 1110 letale
798 1041 920 1110 minari

122 1163 239 1230 Cessat
255 1186 339 1256 apex
355 1186 364 1229 :
385 1158 503 1255 procul
520 1162 583 1229 ista
599 1161 683 1248 tuis,
699 1159 826 1249 Tifata,
842 1165 964 1252 Teate,

122 1283 157 1352 N
160 1305 199 1350 ec
217 1281 429 1350 Marrucinos
443 1267 520 1376 agat
536 1269 608 1350 haec
624 1281 753 1350 insania
768 1296 908 1351 montes.

172 1402 275 1486 Nune
294 1402 322 1469 si
338 1399 425 1470 forte
443 1401 525 1471 meis
542 1425 615 1496 quae
635 1401 704 1470 sint
722 1401 857 1471 exordia
872 1402 979 1472 Musis

122 1521 218 1589 Scire
239 1520 345 1614 petis,
359 1521 431 1614 jam
446 1517 601 1589 Sidonios
617 1543 750 1589 emensa
764 1519 893 1591 labores

121 1639 268 1710 Thebais
287 1653 403 1732 opteto
421 1635 558 1733 collegit
572 1638 708 1708 carbasa
727 1653 847 1732 portu,

123 1761 348 1854 Parnassique
359 1758 459 1853 jugis,
474 1756 622 1851 silvaque
639 1754 836 1826 Heliconide
853 1757 945 1829 festis

123 1880 217 1947 Tura
233 1874 325 1945 dedit
341 1875 504 1964 flammis,
522 1890 555 1946 et
572 1878 712 1972 virginis
731 1891 821 1948 exsta
834 1878 1003 1972 juvencae,

125 1993 345 2089 Votil'eraque
362 2019 451 2064 meas
472 1993 649 2088 suspendit
662 1996 705 2064 ab
720 1995 840 2066 arbore
855 1999 964 2067 vittas.

123 2114 228 2184 Nune
243 2138 365 2185 vacuos
382 2114 489 2183 crines
505 2095 573 2183 alio
589 2114 680 2183 subit
696 2113 801 2184 infula
816 2140 902 2184 nexu
919 2143 928 2184 ε

124 2233 230 2326 Troja
242 2233 405 2326 quidem,
423 2219 632 2328 magnusqne'
648 2233 733 2304 mihi
750 2213 899 2304 tentatur
913 2232 1079 2322 Achilles3

125 2351 194 2423 Sed
211 2366 310 2421 vocat
325 2353 511 2422 arcitenens
526 2351 593 2422 alio
608 2367 719 2447 pater,
738 2378 898 2448 ermque
913 2369 1078 2424 monstrat
1162 2393 1164 2402 ι

122 2472 268 2543 Ausonii
287 2472 414 2566 majora
431 2471 525 2542 ducis
544 2498 552 2541 :
571 2472 673 2541 trahit
691 2473 835 2566 impetus
850 2471 909 2541 illo

121 2596 200 2662 lam
215 2591 365 2686 pridem,
381 2591 589 2686 retrahitque
606 2591 731 2661 timor:
747 2591 927 2662 stabuntne
943 2593 1005 2662 sub
1022 2589 1080 2662 illa

121 2711 219 2781 Mole
236 2709 393 2781 humeri?
409 2735 453 2780 an
469 2735 593 2806 magno
609 2712 763 2781 vincetur
779 2710 928 2805 pondere
943 2709 1081 2781 cervix?

120 2832 209 2919 Dic,
227 2828 407 2918 Marcelle,
425 2829 534 2899 feret?
551 2829 672 2900 fluctus
692 2855 735 2900 an
754 2846 848 2901 sueta
866 2831 1013 2899 minores

122 2951 234 3020 Nosse
252 2950 352 3037 ratis,
369 2948 522 3018 nondum
539 2950 642 3018 loniis
660 2949 825 3020 credenda
845 2948 1000 3044 periclis?

175 3073 315 3162 Jamque
333 3067 426 3158 vale,
445 3083 480 3138 et
500 3071 633 3163 penitus
651 3071 723 3139 noti
743 3069 803 3138 tibi
823 3070 907 3139 vatis
931 3091 1077 3138 amorem

122 3187 238 3259 Corde
255 3189 345 3257 exire
363 3201 439 3256 veta
457 3213 466 3256 ε
486 3212 549 3257 nec
567 3189 656 3258 enim
674 3188 869 3283 Tirynthius
886 3185 981 3256 almae

122 3311 248 3378 Pectus
263 3306 416 3377 amicitiae
433 3333 442 3376 ε
460 3306 548 3377 cedit
565 3309 626 3376 tibi
645 3305 751 3403 'gloria
767 3306 826 3377 fidi

121 3425 291 3513 Theseos,
307 3439 342 3495 et
357 3424 505 3498 lacerum
521 3427 579 3520 qui
597 3427 687 3498 eirea
702 3427 823 3496 moenia
840 3427 949 3520 Trojae

122 3543 347 3634 Priamiden,
363 3569 446 3616 ceso
463 3544 580 3618 solatia
597 3547 699 3616 traxit
713 3547 832 3618 amico.
