3200 5142
396 403 452 442 eoo
712 383 926 440 Tuanatnos
947 383 1057 440 LIBER
1078 383 1118 438 11.
1323 379 1357 441 (v.
1371 377 1452 438 27³.)

442 499 644 596 dudicrant3
662 511 811 605 fixosqtm
828 509 944 581 oculos
961 535 1022 606 per
1037 523 1156 579 mutua
1175 504 1325 602 paullum
1349 523 1353 530 ·
1427 529 1430 532 ·

395 635 465 702 Ora
483 631 617 720 tenent,
635 631 867 724 visiquc'inter
886 655 956 700 sese
975 631 1093 700 ordine
1109 628 1201 698 sandi

395 749 524 820 Cedere
542 776 551 820 ε
569 749 629 821 sed
646 751 775 819 cunctis
790 729 923 845 Tydeus
937 749 1115 821 audentior
1130 750 1213 820 actis

393 871 516 964 Incipit
533 896 542 940 t
560 874 621 941 «0
638 894 739 966 quam
751 885 791 972 'te
808 883 950 966 parcum
966 869 1002 940 in
1022 868 1303 964 preconiafamae

393 993 491 1060 Mens
510 991 623 1085 agitat,
633 1005 766 1090 matura
782 1004 868 1078 tute,
887 1005 1118 1086 quantumque
1135 989 1299 1060 ferentem

395 1115 581 1182 Fortunam
599 1107 949 1184 virtute'domasicui
966 1110 1064 1180 cedat
1079 1108 1242 1182 Adrastus

394 1229 570 1326 Imperiis?
588 1230 719 1325 quiete
739 1227 832 1332 solio]
843 1231 994 1326 Sicyonis
1012 1232 1108 1303 avite
1218 1253 1220 1258 ·

393 1351 551 1421 Excitum
568 1349 717 1422 infrenos
733 1373 936 1446 componere
953 1349 1083 1447 legibus
1096 1355 1206 1449 Argos

394 1470 553 1543 Nesciat?
569 1472 820 1566 atqueutinatn
842 1471 894 1540 his
917 1471 1074 1542 manibus
1093 1473 1290 1568 permittere·
1307 1487 1445 1566 gentes,

394 1596 414 1666 J
416 1591 551 1691 uppiter
564 1603 675 1686 aeque,
692 1589 795 1682 velis,
814 1616 899 1690 quas
912 1593 1060 1664 Doricus
1078 1591 1312 1689 alligatundis

396 1716 559 1802 Isthmos,
577 1726 612 1786 et
628 1710 760 1816 alterno
780 1739 863 1809 quas
879 1713 1036 1810 margine,
1049 1713 1226 1784 submovet
1240 1711 1347 1784 infra!

396 1838 477 1908 Non
495 1834 626 1932 fugeret
642 1833 732 1906 diras
748 1833 808 1906 lux
824 1835 979 1906 intercisa
998 1835 1177 1930 Mycenas,

396 1959 489 2027 Saeva
503 1981 566 2026 nec
581 1954 669 2026 Eleae
683 1970 860 2058 ¹gemerent
880 1956 1063 2026 certamina
1079 1954 1198 2043 valles,

395 2077 663 2171 Eumenidesque
681 2075 755 2178 aliis
773 2075 846 2148 alioe
862 2075 925 2146 sub
943 2075 1096 2172 regibus,
1114 2091 1149 2144 et
1167 2101 1242 2172 quae
1264 2099 1269 2108 ·

396 2198 449 2266 Tu
470 2197 596 2293 potior,
612 2197 788 2286 Thebane,
806 2199 925 2292 queri:
946 2221 1008 2267 nos
1027 2194 1298 2287 vero‘volentes,

396 2318 614 2416 Expositique
631 2319 788 2392 animiam
809 2319 866 2388 Sic
882 2316 1074 2407 interfatus,
1091 2333 1125 2387 ct
1141 2316 1229 2388 alter
1356 2349 1360 2358 ⁴

396 2440 539 2534 Subjicit
556 2467 564 2510 ι
580 2444 702 2512 «Anne
720 2436 842 2535 aliquis
862 2461 995 2508 soceros
1015 2437 1174 2511 accedere
1193 2440 1276 2512 tales

396 2559 557 2631 Abnuat?
574 2559 745 2630 exsulibus
766 2583 960 2656 quanquam
977 2560 1153 2655 patriaque
1172 2561 1297 2656 sugatis

397 2680 560 2752 Nondum
577 2680 654 2751 laeta
673 2684 806 2770 Venus,
824 2696 938 2762 tamen
947 2659 1064 2750 ⁴omnis
1082 2678 1184 2750 corde
1202 2681 1325 2752 resedit

396 2800 563 2889 Tristitia,
584 2799 741 2897 affixique
758 2801 872 2872 animo
893 2823 1023 2871 cessere
1040 2798 1183 2871 dolores.
1262 2833 1267 2838 ·

397 2921 469 2990 Nec
484 2921 595 2990 miuus
616 2922 687 2993 haec
704 2920 771 2992 teti
791 2923 954 2992 trahimus
969 2919 1104 3009 solatia,
1121 2945 1225 3012 quam
1245 2925 1273 2992 si

396 3041 563 3136 Prncipiti
580 3039 740 3114 convulsa
760 3044 871 3131 Noto,
890 3057 1080 3139 prospectet
1095 3043 1237 3114 amicam

398 3163 524 3258 Puppis
544 3163 685 3232 humum
696 3144 825 3258 ejurat
842 3162 1009 3259 ingressos
1028 3162 1139 3236 felicia
1158 3167 1253 3261 regni

399 3285 538 3372 Omina,
556 3282 647 3378 quod
667 3299 819 3380 superest
838 3284 898 3353 tati
916 3285 1060 3379 vitorque
1077 3283 1229 3356 laborum
1262 3317 1265 3323 ·

398 3407 549 3474 Fortuna
570 3405 798 3476 transiretua.
812 3433 831 3470 s
848 3407 920 3476 Nec
937 3403 1034 3500 plura
1054 3409 1195 3496 morati,

398 3525 636 3621 consurgene
650 3523 748 3596 dictis
768 3524 951 3622 impensius
961 3541 1109 3624 'aggerat
1128 3553 1229 3599 omne

399 3644 606 3714 Promissum
625 3644 783 3716 Inachius
803 3659 911 3742 pater,
925 3644 1118 3743 auxilioque
1134 3647 1285 3730 futurum

399 3767 446 3833 Et
461 3765 577 3858 patriis
591 3764 732 3861 spondet
752 3765 891 3836 reduces
910 3767 1069 3838 inducere
1087 3771 1210 3864 regnis.

448 3889 539 3981 Ergo
555 3881 681 3956 alacres
701 3888 799 3982 Argi,
817 3885 892 3957 fuso
913 3911 1051 3958 rumore
1068 3914 1129 3984 per
1150 3889 1266 3958 urbem

387 4005 580 4077 :Advenisse
597 4006 674 4076 duci
691 4032 850 4103 generos,
871 4009 1056 4103 primisque
1076 4010 1263 4104 Hymenaeis
1348 4003 1350 4007 ’
