3200 5142
396 408 453 464 216
710 405 924 463 ruanarnos
946 407 1058 464 arnan
1080 407 1117 462 11.
1335 406 1447 470 (vd-³³1

396 531 629 623 Telacadant,
649 531 799 626 nullique
821 546 917 603 tuum
935 531 1139 632 penetrabile
1159 531 1246 605 serre

396 656 531 745 Pectus,
550 670 584 724 et
603 659 732 750 optanti
752 657 860 724 victor
878 656 1045 724 reveharis
1061 658 1180 725 amico.
1192 687 1209 720 n

445 777 600 865 Dixerat3
619 775 781 862 illenihil
800 775 932 846 vultum
949 790 1117 866 mutatus,
1133 806 1149 839 a
1160 780 1279 848 lnaues

395 897 528 985 Perdis,
544 899 606 987 ait,‘
626 895 806 994 lacrymas,
826 913 861 967 et
877 912 930 984 tu,
948 899 985 966 ui
1004 896 1116 988 fallor,
1134 899 1250 993 iniquo

394 1017 565 1088 Pollicitus
582 1045 656 1089 mea
671 1017 756 1089 colla
774 1018 851 1089 duci
871 1046 880 1089 :
898 1045 989 1090 nunc
1006 1045 1113 1106 arma,
1136 1018 1294 1112 diemque

393 1140 523 1234 Projice
539 1167 548 1209 ι
566 1139 649 1234 quid
669 1143 816 1236 sequeris
834 1141 960 1210 timidae
977 1139 1175 1236 compendia
1189 1139 1285 1208 vitre?

393 1259 484 1329 bella
502 1255 661 1331 manent:
676 1291 692 1327 u
708 1259 807 1331 simul
827 1262 915 1350 haec,
938 1278 972 1330 et
989 1287 1137 1331 crassum
1156 1263 1320 1356 sanguiue
1340 1261 1438 1336 telum

392 1383 466 1451 Jnrn
484 1381 586 1470 redit;
603 1380 659 1451 ille
678 1379 779 1479 super
799 1382 897 1452 dictis
916 1383 1064 1452 infensus
1080 1383 1201 1452 amaris

288 1508 292 1518 '
393 1496 734 1598 Prosequitur'victo's
749 1499 878 1576 :uNon
895 1503 967 1574 haec
981 1505 1163 1596 Tristerica
1181 1503 1275 1572 vobis

393 1625 470 1695 Nox
489 1626 599 1720 patrio
618 1625 660 1695 de
678 1621 883 1695 morereris
901 1651 908 1695 :
929 1651 997 1694 non
1014 1627 1118 1721 Orgia
1132 1624 1257 1716 *Cadmi

393 1748 555 1836 Comitis,
568 1764 636 1818 aut
656 1748 770 1818 avidas
790 1748 959 1818 Bacchum
980 1746 1140 1817 scelerare
1160 1762 1326 1843 parentes.

393 1859 560 1939 Nebridas
579 1869 764 1966 et-fragiles
777 1869 914 1965 thyrsos
932 1869 1067 1966 portare
1088 1872 1227 1964 putastis
1252 1931 1255 1936 .

390 1989 565 2060 Imbellem
585 1991 627 2062 ad
646 1993 811 2080 sonitum,
829 1992 1043 2087 maribusque
1064 1993 1235 2087 incognita
1252 1992 1341 2060 veris

392 2111 493 2181 Foeda
507 2112 658 2183 Celenaea
673 2109 883 2181 committere
895 2110 1016 2207 proelia
1034 2111 1146 2182 buxo?
1168 2171 1171 2176 Α

392 2234 454 2302 Hic
471 2232 543 2303 aliae
561 2233 682 2320 cades,
705 2232 789 2302 alius
809 2232 905 2302 fatcor
926 2259 934 2302 τ
957 2236 1002 2302 ite
1020 2233 1237 2303 subumbras

393 2356 424 2422 Ο
443 2333 566 2444 timidi}
589 2353 794 2449 pauciquelu
811 2355 882 2425 lraec
899 2357 1055 2424 intonat:
1076 2369 1127 2423 ast
1144 2369 1255 2423 tamen
1273 2350 1322 2423 illi

375 2476 545 2545 ‘Membra
565 2492 706 2571 negant,
726 2475 900 2570 lassusque
919 2476 997 2546 serit
1016 2475 1198 2571 praecordia
1218 2475 1364 2571 sanguis.

390 2596 462 2665 laur
482 2594 612 2666 sublata
629 2621 748 2666 manus
765 2621 876 2666 cassos
893 2597 1042 2666 defertur
1059 2599 1228 2686 in-ictus,'

390 2715 593 2810 Tardatiqne
611 2715 734 2812 gradus
753 2744 762 2786 :
781 2715 1017 2813 clypeumncc
1034 2721 1177 2790 sustinet
1194 2718 1300 2788 umbo.

390 2839 562 2908 Mutatum
580 2823 699 2934 spoliis
717 2864 725 2908 ε
748 2837 878 2934 gelidus
896 2839 985 2910 cadit
1005 2840 1110 2910 imber
1127 2837 1249 2910 anhelo

390 2961 530 3028 Pectore
547 2985 555 3028 ε
572 2975 644 3029 tum
660 2960 785 3050 crines,
806 2960 1024 3055 ardentiaque
1043 2986 1103 3030 ora
1119 2961 1265 3030 cruentis

390 3081 551 3170 Roribus,
567 3095 601 3150 et
617 3083 918 3162 tetramorientum
935 3082 1134 3178 adspergine
1149 3097 1298 3153 manant.

391 3204 440 3272 Ut
450 3200 521 3298 leo,
538 3204 596 3297 qui
613 3205 738 3298 campis
748 3197 854 3300 longe
870 3203 1013 3286 custode¹
1024 3203 1145 3299 fu'gato

391 3322 552 3419 Massylas
569 3317 836 3420 depastus'oves‚
860 3326 917 3398 ubi
936 3319 1099 3422 sanguine
1115 3325 1223 3396 multo

391 3447 575 3515 Luxurinta
591 3445 711 3536 fames,
728 3449 921 3542 cervixque,
937 3465 972 3519 et
988 3451 1064 3519 tabe
1082 3466 1228 3546 gravatae

392 3566 583 3636 Consedere
599 3567 704 3662 jubae,
724 3569 896 3639 mediisin
918 3572 1064 3641 cudibus
1081 3573 1191 3642 adstat

393 3689 508 3782 AEgcr‚
524 3689 637 3777 hians,
656 3692 831 3786 victusque
848 3693 931 3762 cibis
952 3720 959 3762 :
980 3718 1042 3764 nec
1055 3695 1126 3788 jam
1147 3694 1292 3789 amplius
1306 3696 1366 3764 iroe

280 3907 283 3916 ι
393 3809 605 3881 Crudescnnt
622 3836 630 3879 ε
648 3827 779 3882 tantum
795 3815 909 3883 vacuis
924 3814 999 3884 ferit
1014 3840 1090 3885 aera
1104 3814 1216 3901 malis,

393 3928 578 4026 Molliaque
600 3931 705 4025 ejecta
725 3932 886 4004 delambit
904 3935 1033 4008 vellera·
1047 3936 1173 4035 lingua.

443 4051 503 4122 llle
521 4055 621 4124 etiam
639 4054 769 4126 Thebas
789 4056 921 4151 spoliis,
942 4073 975 4126 et
996 4063 1158 4154 sanguine
1178 4059 1298 4154 plenus
