3172 5142
129 488 165 549 l'·
177 489 248 549 165·)
444 483 660 541 rueramus
683 483 793 540 LIBER
813 484 890 540 VIII.
1133 477 1186 536 125

130 611 247 696 Tibia,
269 622 340 677 tum
357 607 463 675 nimio
478 630 576 676 voces
594 629 745 676 marcore
764 605 934 701 superbae,

131 732 339 822 Incertasque
355 726 457 814 laces,
475 741 508 794 et
523 727 594 819 jam
614 723 701 795 male
720 723 860 820 pervigil
880 725 976 818 ignis.
1079 739 1082 746 ’

186 849 242 917 Sic
258 847 317 916 ubi
331 871 391 941 per
406 846 529 915 fluctus
546 867 615 914 uno
635 847 715 914 ratis
732 847 854 914 obruta
873 869 992 914 somno

133 968 322 1055 Conticuit,
341 967 493 1059 taptique
511 968 614 1034 maris
632 991 748 1034 secura
759 966 926 1059 ¹juventus

132 1086 343 1158 Mandavere
360 1088 505 1174 animas;
525 1085 615 1155 solus
632 1101 696 1155 stat
715 1111 829 1181 puppe
844 1087 1003 1180 magister

133 1189 300 1302 Pervigil,
319 1208 546 1301 inscriptaque
559 1210 651 1275 Deus
669 1207 727 1299 qui
747 1207 883 1300 navigat
899 1203 987 1274 alno.
1033 1235 1034 1242 ¹

184 1331 330 1422 Tempus
349 1341 440 1413 erat,
454 1328 589 1420 junctos
606 1350 710 1419 quum
726 1326 797 1418 jam
815 1349 911 1394 soror
931 1325 1028 1418 ignea
1043 1305 1163 1391 Plroebi
1233 1339 1235 1344 '

137 1449 247 1518 Sentit
263 1471 384 1540 equos,
400 1448 600 1541 penitusque
619 1470 736 1514 cavam
754 1447 816 1514 sub
830 1445 904 1514 luce
920 1459 1039 1540 parata

136 1568 265 1640 Oceani
283 1568 414 1662 mugire
432 1567 593 1655 domurn,
613 1591 750 1661 seseque
768 1545 946 1662 vagantem

137 1686 293 1782 Colligit,
310 1702 343 1756 et
363 1701 455 1756 moto
476 1684 594 1757 leviter
611 1687 705 1782 fugat
720 1702 809 1756 astra
827 1685 970 1781 flagello.

138 1806 330 1879 Concilium
349 1832 407 1876 rex
426 1809 526 1877 triste.
539 1822 637 1876 vocat
654 1833 662 1876 ε
678 1823 902 1902 quaeruntque
917 1795 1105 1902 gementes,

139 1928 225 2016 Quis
241 1927 389 2022 tripodas
408 1919 579 1997 successor
595 1943 699 2023 agat:
717 1952 786 2022 quo
802 1926 937 2023 prodita
956 1927 1071 1996 laurus

140 2050 319 2133 Transeat,
336 2027 443 2142 atque
451 2043 572 2118 orbum
587 2050 677 2129 vittae
690 2049 802 2118 decus.
818 2044 917 2118 Haud
929 2072 1042 2132 mora,
1056 2046 1168 2116 cuncti

140 2169 311 2263 Insignem
331 2167 437 2256 lama,
455 2184 639 2263 sanctoque
656 2167 870 2264 Melampode
888 2183 1016 2237 cretum

141 2289 387 2360 Thiodamanta
402 2287 537 2378 volunt;
558 2291 695 2383 quicum
716 2291 786 2384 ipse
804 2312 928 2359 arcana
946 2291 1096 2357 Deorum

144 2409 286 2497 Partiri,
304 2422 339 2476 et
354 2409 442 2478 visas
460 2410 520 2478 uni
538 2411 666 2478 sociare
685 2408 811 2479 solebat

142 2528 366 2622 Amphiaraus
384 2543 662 2634 area-tantaeque
679 2529 770 2599 haud
790 2529 923 2599 invidus
941 2531 1022 2598 artis

143 2647 324 2719 Gaudebat
341 2649 407 2718 dici
428 2648 592 2738 similem,
612 2651 772 2745 juxtaque
791 2651 987 2720 secundum.

143 2767 244 2837 Illum
261 2769 378 2865 iugens
395 2769 572 2840 confundit
588 2772 714 2859 honos,
735 2773 938 2867 inopinaque
957 2772 1072 2840 turbat
1169 2773 1172 2780 ’

145 2887 278 2973 Gloria,
294 2904 327 2958 et
345 2887 474 2958 ablatas
492 2890 628 2960 frondes
644 2892 827 2984 submissus
843 2891 978 2980 adorat,

145 3011 253 3102 Seque
271 3011 365 3078 oneri
384 3024 483 3105 negat
501 3035 570 3079 esse
588 3035 721 3104 parem,
743 3013 885 3107 cogique
902 3027 1061 3081 meretur.
1164 3097 1177 3108 ⁹

195 3129 289 3199 Sicut
307 3129 538 3200 Achaemenius
555 3128 677 3200 solium
695 3146 877 3226 gentesque
895 3147 1052 3227 paternas

147 3251 287 3345 Excepit
305 3251 332 3318 si
349 3248 435 3318 forte
455 3275 552 3344 puer,
570 3252 624 3320 cui
642 3253 753 3320 vivere
771 3267 898 3346 patrem

147 3370 285 3458 Tutius,
302 3370 428 3438 incerta
446 3369 624 3440 formidine
643 3371 765 3466 gaudia
783 3371 900 3460 librat,

148 3494 200 3559 An
217 3487 273 3556 fidi
292 3514 465 3583 proceres,
484 3503 669 3586 repugnet
686 3491 807 3586 vulgus
824 3491 982 3580 habenis3

149 3611 212 3678 Cui
230 3608 317 3680 latus
334 3611 535 3704 Euphratae,
555 3613 610 3680 cui
628 3613 751 3707 Caspia
771 3611 888 3681 limina
907 3613 1052 3682 mandet.

150 3731 287 3799 Sumere
304 3745 383 3800 tunc
399 3755 514 3821 arcus,
534 3734 711 3827 ipsumque
730 3757 870 3802 onerare
886 3748 1021 3804 ‘veretur

150 3851 257 3919 Patris
275 3875 415 3945 equum,
434 3853 590 3946 visusque
606 3853 669 3920 sibi
688 3877 749 3922 nec
767 3867 897 3948 sceptra
914 3856 1026 3950 capaci
1068 3935 1070 3942 Ι

152 3971 342 4040 Sustentare
361 3997 481 4061 manu,
501 3998 561 4043 nec
582 3973 692 4044 adhuc
712 3969 851 4069 implere
870 3977 1001 4044 tiaram.

200 4093 310 4185 Atque
329 4093 355 4160 is
374 4093 432 4161 ubi
452 4095 578 4163 intorto
597 4095 740 4189 signavit
759 4093 880 4164 vellere
899 4097 1045 4183 crinem,
