3080 5136
271 555 275 560 .
394 484 450 549 304
768 485 1071 544 nnnorsmonns

388 597 461 672 licg.
486 615 496 650 ι
522 598 597 652 :Ec
615 599 703 672 longo
726 619 748 653 r.
755 599 805 672 ſs,
822 599 903 674 quod
923 602 968 658 vel
986 602 1027 658 ob
1047 603 1159 675 copule
1179 603 1352 678 languorem
1375 607 1444 662 red-

390 688 528 764 piendum
543 699 612 745 erat.
1044 737 1050 748 .

428 783 470 837 Et
482 793 610 838 errantes
627 783 757 838 obducn
773 786 891 859 pulvere
907 785 979 841 riuos
997 783 1037 862 (r.
1053 783 1132 860 687).
1152 787 1222 843 Sine
1239 787 1334 844 dubio
1349 808 1448 846 rerum

388 875 470 949 quod
483 876 592 948 praebet
605 877 660 932 ΜΒ
670 887 699 931 et
719 877 792 932 alter
803 896 879 932 unus
893 897 900 933 ε
918 889 1056 934 carmem
1069 878 1138 934 obd.
1146 902 1160 928 a
1173 881 1275 936 Paullo
1291 891 1362 954 post
1376 883 1447 938 Bac-

388 967 459 1025 chus
478 969 625 1045 Erigonen
644 988 724 1026 suam
738 980 838 1041 vocat,
856 981 890 1026 ut
904 971 979 1027 lcari
994 971 1106 1028 comitis
1121 969 1219 1028 titiam.

429 1061 522 1118 Cornir
540 1063 655 1118 exaurit
668 1061 772 1118 liumor
782 1059 820 1140 (v.
837 1061 916 1140 698).
932 1066 976 1120 lta
990 1083 1058 1138 pars
1071 1063 1174 1134 codd.;
1188 1065 1241 1120 scd
1253 1067 1350 1123 multo
1357 1071 1449 1141 major

387 1166 417 1210 et
437 1154 543 1210 melior
561 1173 627 1210 cum
645 1154 813 1226 Lactantio,
834 1155 906 1212 citra
919 1156 1086 1214 mutationis
1108 1157 1303 1230 suspicionem
1321 1179 1329 1214 :
1344 1161 1450 1216 anw-

365 1277 370 1284 ·
387 1249 458 1316 ruit,
474 1247 557 1322 quod
569 1246 616 1303 hic
630 1258 673 1304 est
690 1247 893 1318 crassescebat,
909 1258 942 1304 ut
958 1249 1020 1323 jam
1037 1249 1164 1306 horride
1184 1260 1294 1306 starent
1310 1271 1411 1308 coma.

426 1343 583 1416 Deceptum
598 1342 730 1416 margine
742 1343 816 1414 npoe
829 1337 869 1418 (r.
885 1337 964 1420 703).
977 1342 1067 1398 Recte
1078 1344 1135 1396 ΜΒ
1148 1363 1155 1398 :
1171 1344 1221 1398 «iri
1235 1363 1350 1420 marg.»
1363 1347 1450 1402 Nou-
1535 1395 1536 1410 ,

384 1433 458 1490 nnlli
475 1443 541 1490 unte
558 1433 641 1490 Ceres
654 1451 711 1507 pro
729 1452 821 1509 seges.

426 1527 498 1582 Eooe
513 1528 650 1602 liquentia
658 1527 775 1601 pabulo
794 1526 905 1582 brumoe
920 1522 958 1600 (r.
977 1523 1055 1598 706).
1072 1527 1096 1584 l.
1116 1546 1141 1584 e.
1160 1527 1268 1584 imbres
1282 1529 1451 1604 AEttsiopiae,

385 1619 492 1694 quibus
516 1619 564 1677 hic
590 1619 697 1676 fluvius
718 1630 865 1678 saturatur
887 1639 895 1674 ι
922 1620 976 1675 hos
997 1619 1087 1695 igitur
1105 1620 1135 1676 in
1153 1641 1184 1677 sc
1206 1622 1377 1696 comprimit
1400 1643 1451 1678 nec

384 1711 452 1768 sinit
474 1711 642 1787 exspatiari,
665 1711 721 1768 nisi
746 1722 874 1789 rogatus.
897 1708 1088 1768 Artificiosius
1106 1714 1259 1782 Gronov.,
1288 1715 1375 1770 Obss.
1401 1734 1449 1782 rr,

384 1824 409 1861 c.
432 1802 459 1860 5.

425 1898 482 1953 Ille
501 1900 563 1953 alta
583 1893 621 1974 (v.
644 1893 723 1974 714).
741 1898 806 1954 Hoc
823 1905 902 1952 recte
919 1893 957 1951 ad
979 1894 1159 1952 Charadron
1178 1897 1314 1952 referunt
1338 1899 1448 1973 glosa-

386 2000 471 2046 tores.

425 2081 512 2138 Siccis
526 2083 643 2138 illuiiunt
660 2102 712 2138 om
726 2083 853 2158 lupatis,
867 2081 945 2150 Ora,
961 2092 1013 2139 etc.
1029 2078 1067 2158 (r.
1088 2077 1166 2158 730).
1181 2098 1199 2137 a
1215 2081 1305 2138 codd.
1322 2083 1449 2138 Barthii:
1536 2067 1537 2070 ¹

384 2197 443 2231 ι...
464 2171 583 2230 Illidunt
602 2187 678 2230 torvo
694 2173 801 2250 lupatis
818 2176 895 2245 Ora,
912 2184 966 2229 etc.
979 2199 991 2224 n
1002 2177 1092 2244 Ante,
1106 2194 1133 2228 v.
1151 2182 1227 2246 704,
1246 2175 1312 2230 suis
1332 2175 1448 2230 nomm

383 2265 553 2324 Wakefield.
569 2269 612 2323 acl
630 2269 832 2342 zucoet.,111,
847 2268 916 2342 930,
929 2277 1022 2323 mutat
1038 2266 1069 2322 in
1082 2267 1176 2321 arida.

425 2361 498 2434 Quor
518 2363 589 2417 loeta
607 2362 688 2419 sub...
707 2381 801 2437 aquas
814 2359 853 2438 (r.
870 2367 927 2432 747
943 2356 1008 2436 sq).
1023 2361 1097 2416 Nam
1115 2359 1285 2416 simortnlis
1298 2371 1387 2429 esset,
1406 2361 1447 2416 si-

382 2455 433 2509 tim
448 2453 580 2524 sentiret,
594 2463 629 2509 ut
647 2452 758 2530 Argivi.
773 2453 848 2509 Mire
863 2453 924 2508 hnc
937 2452 1026 2509 verba
1041 2451 1071 2506 in
1084 2453 1140 2507 ΜΒ
1155 2453 1272 2526 punctis
1288 2454 1445 2510 subnotata

382 2555 464 2616 sunt,
482 2557 515 2602 ut
529 2545 685 2619 ejicienda,
699 2557 728 2603 et
747 2545 853 2604 desunt
868 2545 900 2601 in
914 2546 971 2602 PR.
985 2576 1025 2588 -
1039 2547 1131 2602 Versu
1148 2543 1206 2620 759
1225 2547 1390 2602 statianum
1404 2559 1447 2602 est

382 2638 463 2714 quod
478 2639 529 2695 dat
547 2641 602 2695 ΜΒ
618 2659 625 2696 :
641 2651 695 2696 atu
710 2639 826 2714 refugas
838 2638 932 2708 vires,
948 2651 977 2694 tu
992 2649 1126 2713 pectora,
1145 2649 1199 2695 etc.
1213 2639 1322 2695 »Idem
1336 2658 1365 2695 r.
1375 2639 1447 2711 765,
1537 2723 1538 2730 ἵ

380 2750 432 2789 ora
445 2733 504 2787 ven·
514 2751 569 2806 pro
583 2733 704 2799 omittis,
720 2731 801 2806 quod
817 2751 878 2787 non
891 2730 950 2787 sine
964 2729 1141 2787 difficultate.

423 2825 479 2880 Sub
499 2825 590 2880 limite
604 2825 704 2880 cancri
715 2821 754 2900 (r.
776 2821 855 2900 776).
870 2825 926 2878 ΜΒ
941 2841 948 2878 :
960 2822 1111 2894 firlmine,
1129 2823 1192 2880 reri
1211 2823 1355 2880 similiter.

423 2919 514 2972 Locnt
525 2919 667 2993 ponitque
683 2928 836 2992 negantem
854 2917 930 2971 Flor.
948 2913 987 2993 (r.
1008 2915 1086 2991 780).
1105 2919 1196 2972 Recte
1218 2916 1345 2972 offendit
1364 2921 1445 2974 Gro-

380 3029 448 3066 nov.
464 3009 494 3066 in
508 3011 682 3085 repetitione
696 3013 774 3066 locat
786 3009 944 3084 ponitque,
972 3019 1001 3066 et
1021 3027 1058 3066 ex
1077 3011 1256 3084 optimorum
1278 3011 1368 3068 codd.
1387 3031 1444 3067 re-

379 3102 471 3178 stigiis
494 3104 635 3160 concinne
654 3103 794 3177 reponit:
811 3127 823 3152 a
827 3103 954 3178 ponique
970 3103 1106 3178 negantis
1122 3102 1298 3160 Floribus...
1324 3105 1444 3160 Solatur

379 3196 525 3270 lacrymas.
535 3219 547 3245 ν
557 3199 621 3253 Jam
635 3215 681 3270 ap.
697 3197 777 3251 Lact.
793 3193 902 3268 duplex
916 3194 1020 3266 lectio,
1040 3194 1077 3251 de
1091 3213 1150 3270 qua
1163 3193 1223 3250 rid.
1239 3197 1356 3254 Bnrn.

420 3289 548 3344 Miratur
563 3307 710 3345 nemorum
731 3290 866 3362 strepitus
881 3285 921 3366 (r.
942 3285 1022 3364 791).
1044 3288 1140 3344 Barth.
1159 3287 1236 3359 conj.
1255 3291 1405 3346 volucrunt
1420 3309 1442 3344 s

378 3385 480 3440 auium.
495 3386 563 3441 Post
581 3384 726 3459 inprobus
738 3385 823 3459 gloss.
839 3384 915 3456 expl.
932 3401 939 3438 :
953 3381 1149 3449 ludibundus,
1161 3381 1309 3438 delicians.

420 3477 510 3551 Aquis
523 3489 636 3552 egestus
652 3477 690 3532 ab
705 3477 761 3532 imo
781 3471 1098 3552 (r.818).1egeudum
1115 3493 1181 3530 curn
1200 3475 1274 3551 Reg.
1293 3494 1306 3529 1
1327 3495 1335 3529 :
1357 3477 1442 3544 ιἰηἰε,

377 3567 396 3635 i.
411 3589 435 3625 e.
450 3569 543 3626 fundo
559 3590 620 3627 suo.

420 3663 457 3716 Et
472 3675 589 3738 coptum
603 3662 643 3741 (r.
659 3660 739 3741 823).
755 3645 948 3719 Probabiliter
966 3659 1069 3716 Mardi.
1085 3661 1127 3715 ad
1146 3660 1231 3728 Siln,
1248 3679 1278 3730 r,
1294 3679 1327 3729 o,
1355 3659 1413 3718 158
1434 3683 1442 3716 :

378 3767 457 3810 aaut
469 3765 617 3829 captam.»

417 3850 498 3904 Dum
516 3849 610 3924 magis
630 3847 668 3926 (r.
689 3847 768 3924 827).
791 3848 837 3903 Bis
856 3845 970 3904 monuit
988 3847 1031 3902 ad
1047 3846 1138 3902 Siluas
1156 3843 1280 3914 Maru..
1306 3845 1442 3902 scriben-

377 3941 446 3998 dum
453 3957 514 3996 esse
523 3963 535 3990 u
543 3927 625 3995 clitro
638 3959 709 4011 m.,»
718 3949 888 4013 corruptum
898 3957 932 3994 ex
946 3937 1154 4014 longobardica
1167 3938 1322 4010 scripturn
1333 3939 1374 3992 Et
1384 3939 1442 3998 boc

376 4031 580 4088 sententiarum
601 4031 687 4089 series
703 4033 852 4106 postulare
869 4031 996 4091 videtur.
1011 4030 1068 4088 Sed
1088 4050 1113 4086 v.
1134 4030 1193 4104 809
1216 4027 1379 4086 diffimltas
1400 4043 1442 4085 est

377 4126 407 4180 in
423 4125 518 4182 verbis
536 4145 542 4180 :
562 4127 633 4181 Hoec
650 4127 766 4181 soenimc
779 4137 858 4180 tenus
866 4135 877 4191 ,¹
895 4134 971 4180 etc:
992 4143 1057 4199 qun
1071 4122 1179 4180 dubius
1191 4123 1289 4179 hereo
1308 4121 1443 4180 smnbcn·
