3094 5140
79 465 122 528 (v.
136 462 211 527 ⁵³⁵.)
399 459 612 518 renuamus
634 459 744 520 mun
767 459 818 518 lll.
1091 458 1147 516 aul

80 591 147 659 Sic
167 588 256 658 avidi
276 587 453 658 incurrunt
468 613 476 656 ε
494 611 557 656 nee
571 585 656 657 dum.
669 583 781 656 letalia
796 585 937 654 miscent

81 708 267 798 Vulnera,
287 706 347 777 sed
362 722 492 804 coeptus
511 709 647 802 sanguis
664 733 674 776 ε
690 706 886 799 facinusque
900 719 1082 800 pmaetum.

83 832 124 900 N
126 855 168 899 ec
181 831 252 924 jam
266 854 351 924 opus
365 843 417 898 est
431 829 563 900 Furiis:
581 842 713 897 matum
731 826 909 915 mirantur,
926 839 962 895 et
977 825 1111 931 adstant

82 950 304 1037 Laudantes,
321 951 563 1046 hominumque
579 947 695 1020 dolent
712 947 788 1045 plus
805 971 902 1044 posse
922 947 1062 1020 furores.

83 1074 221 1140 Fratris
236 1087 380 1166 uterque
394 1070 510 1142 furens
527 1070 620 1167 cupit
637 1070 837 1164 allectatqne
853 1094 1025 1158 cruorem,

85 1198 137 1264 Et
155 1195 260 1263 nescit
278 1217 415 1262 manare
432 1218 531 1263 suum
546 1217 554 1261 ε
570 1191 706 1262 tandem
722 1192 823 1263 irruit
839 1189 950 1279 exsul,

86 1318 323 1408 Hortatusque
342 1337 500 1399 manum,
515 1313 569 1382 oni
585 1311 705 1382 sortior
721 1313 790 1401 ira,
806 1310 965 1406 nefasque
1115 1332 1119 1342 ’

86 1437 240 1522 lustina,
257 1433 323 1505 alte
339 1459 450 1504 emam
468 1433 619 1528 germani
635 1434 671 1504 in
687 1457 827 1528 corpore
848 1433 987 1528 pressit,

88 1559 176 1646 Qua
191 1554 277 1625 male
290 1558 362 1651 jam
379 1553 501 1651 plumis
518 1554 605 1624 imus
620 1555 704 1650 tegit
718 1555 857 1650 inguina
872 1539 1001 1624 thorax.

88 1675 158 1746 Ille
178 1675 294 1746 dolens
314 1676 488 1762 nondum,
504 1675 562 1747 sed
581 1674 664 1746 ferri
676 1675 800 1771 frigore
816 1676 927 1769 primo

89 1799 266 1886 Territus,
283 1797 318 1866 in
336 1795 485 1892 clipeum
500 1796 652 1866 turbatos
669 1795 797 1891 colligit
818 1810 930 1884 artus,

90 1922 178 1988 Mox
198 1917 368 1990 intellecto
386 1919 491 2014 magis
508 1917 669 2014 armagis
686 1942 775 2012 aeger
788 1917 923 1988 anlaelat

91 2040 266 2131 Vulnere,
283 2067 346 2112 nec
364 2041 473 2136 parcit
488 2039 637 2129 cedenti,
654 2053 756 2134 atque
773 2041 925 2135 increpat
940 2040 1029 2110 hosti
1046 2067 1054 2109 ε

93 2195 110 2228 a
124 2165 204 2253 Quo
221 2163 383 2254 retrahis,
401 2184 579 2257 ger-ane,
595 2159 740 2257 gradus?
757 2187 779 2231 o
799 2158 959 2256 languida
977 2185 1115 2250 somno,

93 2291 139 2355 Et
156 2285 268 2379 regnis
285 2282 395 2354 effrata
413 2279 526 2378 quies!
544 2280 710 2379 longaque
726 2282 788 2353 sub
808 2283 929 2352 umbra
981 2291 982 2296 ’

93 2403 260 2502 Imperial
280 2403 397 2478 exsilio
417 2404 586 2500 rebusque
603 2405 749 2474 exercita
767 2404 881 2500 egenis
982 2485 987 2494 4

94 2529 250 2598 Membra
270 2526 361 2597 vides
377 2551 386 2596 ε
404 2526 494 2597 elisee
509 2551 606 2596 arma
624 2527 713 2622 pati,
728 2551 790 2596 nec
807 2525 912 2596 fidere
928 2525 1021 2595 latis.
1034 2555 1051 2589 a

144 2650 201 2719 Sic
217 2663 370 2744 pugnant
386 2649 500 2718 miseri
517 2673 527 2718 ι
544 2649 690 2718 restabat
706 2646 792 2719 lassa
807 2648 952 2718 nefando

96 2771 179 2839 Vita
197 2770 293 2861 duci,
309 2794 524 2864 summusque
541 2794 653 2858 cruor,
671 2783 892 2866 poterantque
910 2793 1092 2866 parumper

98 2895 193 2962 Stare
209 2891 334 2987 gradm
348 2919 359 2962 ε
372 2889 432 2962 sed
446 2904 565 2986 sponte
578 2891 662 2980 ruit,
675 2889 895 2985 fraudemque
908 2915 1099 2987 supremam

98 3017 140 3083 In
156 3012 265 3084 media
277 3013 348 3107 jam
363 3027 471 3082 morte
485 3027 602 3107 parat:
619 3010 766 3084 clamore
782 3013 954 3084 Citheron

98 3137 258 3232 Erigitur,
275 3135 445 3229 finterqus
461 3150 555 3206 ratus
572 3135 708 3223 vicisse,
726 3133 851 3204 levavit

101 3256 154 3327 Ad
173 3256 294 3327 coelum
309 3255 446 3353 palmas.
467 3259 588 3326 «Bane
603 3255 729 3325 habet:
746 3280 814 3326 non
834 3257 930 3326 irrita
949 3258 1042 3342 vovi,

100 3382 211 3449 Cerno
231 3402 348 3474 graves
366 3375 502 3467 oculos,
520 3391 621 3471 atque
637 3401 697 3446 ora
714 3377 865 3447 natantia
885 3373 961 3448 leto.

100 3503 173 3570 Huc
186 3497 306 3593 aliquis
320 3523 463 3598 propere
476 3511 646 3594 sceptrum
661 3511 762 3592 atque
777 3499 908 3594 insigne
924 3523 1116 3590 comarum,

101 3624 189 3691 Dum
206 3619 340 3690 videt.»
355 3623 433 3690 llaec
449 3619 563 3690 dicens
580 3643 714 3714 greum
726 3619 894 3709 admovit,
909 3635 943 3690 et
960 3643 1071 3708 arma,

101 3745 170 3813 Ceu
186 3739 321 3837 templis
337 3741 438 3812 decus
454 3755 487 3811 et
503 3742 621 3838 patriae
638 3739 769 3812 laturus
785 3741 922 3832 oranti.
1009 3747 1014 3759 “

102 3867 202 3934 Arma
220 3864 322 3932 etiarn
337 3861 483 3958 spoliare
501 3861 617 3957 cupit:
633 3861 787 3932 numum
803 3859 860 3932 ille
877 3864 1019 3957 peractis

101 3983 276 4074 Manibus,
295 3983 598 4056 ultrices-animam
616 3984 774 4054 servabat
790 3985 828 4056 in
845 3986 922 4056 iras.

102 4110 212 4202 thue
231 4121 493 4204 superstantem,
512 4125 724 4201 pronumque¹
743 4107 778 4177 in
800 4121 933 4202 pectore
951 4107 1069 4196 sensit,
