3206 5136
394 561 435 616 ΙΝ
457 563 487 617 Ρ.
510 562 540 616 P.
563 561 691 616 statu
712 561 807 618 sltv.
829 561 900 616 LlB.
915 563 951 615 V.
1142 580 1195 636 291

186 678 422 753 mssuparenet
433 678 553 752 Tarpeii
560 677 600 756 (r.
612 673 691 756 alal
705 677 756 734 Est
767 675 1036 752 agoucapitolinus,
1046 676 1202 754 aliasqur'n-

139 773 277 846 quenm'a.
286 771 393 828 Totum
405 771 502 828 locum
515 769 665 846 insigniter
677 781 848 844 corruptum
856 769 896 826 ita
909 769 1077 826 instauravit
1085 772 1201 844 Maelii,

142 865 275 922 refutans
285 862 368 920 §mul
381 874 411 920 et
418 881 569 920 amovens
581 863 668 937 longa
677 861 876 922 damtione
882 861 1046 938 principum
1059 863 1202 936 morum,

141 957 301 1034 Scaligeri,
315 956 495 1029 casauboni,
511 955 653 1014 Gronorii
666 975 806 1028 errorem,
820 955 872 1031 qui
885 955 940 1014 sibi
954 975 990 1014 ex
1002 957 1031 1014 b.
1045 959 1064 1013 l.
1078 977 1201 1032 persua-

141 1062 241 1108 serant
255 1049 433 1108 Thebaidem
453 1067 471 1106 a
488 1047 581 1106 Statio
594 1047 773 1106 commissam
786 1067 846 1105 esse
861 1058 924 1106 tum
936 1048 968 1104 in
981 1068 1074 1126 agone
1087 1050 1201 1125 capito-

140 1143 205 1199 lino
219 1161 253 1199 ac
265 1162 325 1199 non
338 1141 495 1216 placuisse,
509 1141 563 1198 sed
574 1141 611 1197 ab
625 1140 687 1198 aliis
699 1141 822 1198 Statium
835 1153 1009 1216 superatum.

188 1237 313 1311 Urgebat
324 1233 363 1312 (r.
378 1231 459 1313 aar).
476 1234 617 1294 Alacriter
628 1221 802 1306 se'ctabatur,
816 1235 946 1292 aemralata
960 1245 1010 1294 est.

186 1329 254 1386 Non
265 1331 434 1396 suajunem
447 1325 486 1405 (v.
501 1324 579 1404 245).
594 1326 739 1384 Osiridem
757 1337 786 1386 et
799 1329 889 1403 Attyn
902 1326 933 1383 in
946 1327 1043 1386 Isiacis
1057 1339 1087 1386 et
1104 1331 1201 1404 Cybe-

142 1423 185 1477 les
199 1421 293 1481 sacris.

195 1514 271 1572 Vriiit
288 1525 318 1570 et
333 1513 496 1587 exemplam
517 1511 645 1586 genitr&
659 1508 697 1587 (r.
717 1510 796 1590 263).
810 1514 901 1570 «Duo
918 1523 1072 1586 pareutum
1091 1533 1201 1572 summa

142 1615 215 1664 vota
228 1625 236 1660 :
256 1605 423 1680 superstites
436 1603 598 1678 relinquere
611 1604 719 1662 liberos
736 1614 766 1662 et
785 1605 822 1664 ab
836 1603 936 1662 iisdem
949 1606 997 1681 pie
1017 1606 1117 1683 lugeri.
1132 1609 1200 1666 Ma-

144 1709 189 1753 ter
203 1697 291 1772 igitur
310 1697 340 1754 iu
353 1698 407 1756 hac
425 1715 535 1756 summa
549 1695 664 1754 tristitia
677 1695 773 1773 gavisa
786 1707 844 1769 est,
858 1708 999 1773 qrrautum
1018 1709 1140 1772 possunt
1152 1701 1201 1756 lu-

142 1801 257 1864 gentes,
267 1801 324 1848 tam
338 1789 389 1864 pio
402 1788 463 1846 lilio
469 1831 479 1860 ,
497 1799 525 1846 et
539 1789 576 1848 ab
590 1789 693 1846 eodem
705 1791 765 1848 baec
778 1792 901 1848 lamenta
914 1791 985 1862 sibi,
998 1810 1090 1866 quum
1103 1812 1134 1850 se
1143 1793 1201 1850 fata

142 1883 227 1940 abire
244 1883 406 1956 jussissent,
424 1881 550 1939 conferri
571 1881 661 1938 vovit.
683 1882 835 1956 Gaudebat
854 1887 1003 1959 exemplo,
1023 1885 1105 1959 quod
1123 1889 1156 1946 iu
1171 1905 1201 1942 se

142 1993 265 2050 quoque
278 1993 443 2034 recasurum
455 1975 589 2050 sperabat
602 1985 631 2031 et
644 1975 796 2050 optabat.»
812 1978 926 2048 Geor„
944 1993 974 2049 p.
991 1977 1056 2036 383.

185 2067 219 2122 Si
234 2067 407 2128 thessalicas
422 2069 567 2125 Admeton
580 2068 611 2124 in
628 2087 694 2123 orne
708 2064 747 2144 (v.
763 2087 820 2140 apa
834 2064 899 2144 sep).
918 2068 965 2124 Sic
978 2069 1074 2128 locutu
1095 2088 1200 2128 corru-

142 2159 307 2234 ptissimum
320 2160 470 2218 restituere
483 2170 605 2218 conatus
622 2171 665 2218 est
677 2160 798 2232 Marta,
812 2161 894 2234 cujus
912 2161 1028 2237 longam
1042 2162 1202 2236 expositio·

143 2271 214 2310 uem
234 2253 334 2312 videas
355 2251 425 2330 ipse.
443 2251 537 2312 Nimia
560 2263 655 2312 tamen
677 2252 790 2330 argutia
809 2252 950 2326 judicarit
972 2254 1201 2312 emendationem

142 2342 344 2416 Heiusiauam,
358 2365 422 2420 qua
437 2347 503 2420 plus
516 2345 602 2402 etiam
619 2365 656 2402 ex
675 2345 801 2420 antiqua
814 2345 962 2420 scripture
982 2345 1112 2420 apicibus
1130 2347 1201 2402 reti-

144 2447 197 2493 net
211 2447 241 2493 et
254 2436 316 2494 aliis
329 2455 447 2512 quoque
460 2437 498 2494 de
511 2437 602 2496 musis
615 2436 713 2496 verior
725 2455 786 2494 ease
798 2437 915 2494 ridetur
929 2456 935 2492 :

254 2576 749 2643 ....Sitbeasalicaslleertiaadum,

253 2660 281 2711 Si
291 2659 335 2711 he
345 2677 396 2710 ana
405 2671 471 2712 retro
479 2661 623 2729 Playlaoeida
636 2661 730 2714 rettulit
737 2661 864 2723 umbram,

142 2795 350 2865 Protesilaum,
366 2794 418 2870 qui
436 2795 465 2850 iu
480 2814 566 2852 unam
580 2795 656 2852 diem
669 2796 707 2853 ad
726 2794 911 2854 Laodamiam
925 2793 1058 2851 remissus
1077 2805 1127 2852 est.
1149 2796 1201 2852 Ja-

143 2887 262 2944 cobsius
275 2887 312 2943 ad
324 2887 441 2946 Anchoe
459 2908 567 2963 greve,
583 2889 641 2944 vol.
655 2907 719 2960 xrs,
735 2907 766 2963 p.
787 2888 859 2958 234,
879 2887 1054 2961 proposuit:

255 3049 341 3065 .....
356 3013 382 3063 si
394 3013 541 3064 Thessalidls
550 3015 584 3078 (t)
598 3014 717 3068 Adsuetas
728 3014 755 3066 iu
768 3014 830 3070 aluis

252 3097 279 3148 si
292 3097 372 3164 styps
383 3097 447 3148 auda
460 3107 527 3148 retro
536 3098 581 3150 Pb.

185 3219 281 3274 Canas.
295 3218 347 3272 tv.
361 3217 479 3273 OEtoeoe
493 3217 674 3292 Paphieque
690 3219 855 3291 lampades
868 3215 908 3294 (v.
925 3217 964 3294 8).
980 3217 1067 3272 Stella
1080 3215 1200 3271 Venerls
1298 3263 1300 3278 ,

140 3309 299 3380 matutina,
321 3319 351 3364 et
368 3309 439 3377 Sol,
457 3308 509 3384 qui
531 3308 568 3366 ab
588 3309 669 3366 OEtae
683 3309 790 3365 montis
810 3311 928 3387 regione
949 3307 1056 3366 exoriri
1075 3307 1198 3364 videtur.

143 3406 263 3473 Senes,
282 3404 365 3457 Herc.
376 3399 455 3474 sun,
477 3402 530 3458 132
550 3421 556 3456 :

323 3531 379 3578 Jam
390 3527 497 3578 ceruleis
506 3536 603 3578 erectus
614 3528 683 3595 equis

322 3610 395 3662 Titan
406 3626 499 3660 summa
508 3610 625 3678 prospicit
639 3614 711 3664 OEta.

140 3741 191 3800 stc
209 3744 338 3797 Gronov.
350 3739 410 3798 Sed
422 3739 547 3800 Orellius
566 3740 597 3796 in
618 3741 735 3817 Eelngis
748 3753 831 3816 poet.
852 3744 920 3808 lat,
938 3739 983 3798 ed.
1006 3759 1047 3812 ιι,
1068 3759 1097 3814 p.
1121 3740 1196 3810 aad,

142 3833 364 3903 animadvertit,
379 3851 469 3906 qaum
482 3843 626 3890 nocturna
640 3833 722 3908 quies
736 3833 927 3906 desideretur,
939 3833 1030 3911 magis
1048 3843 1197 3890 consenta-

142 3945 230 3982 neum
248 3943 307 3982 esse
324 3924 445 4000 Hesperi
463 3935 567 3982 ortum·
580 3926 617 3982 ab
633 3927 708 3982 OEta
728 3925 887 4004 intelligere
900 3924 1035 4008 (Catuli,
1055 3947 1135 3997 urs,
1151 3946 1167 3998 7
1190 3945 1198 3980 ε

285 4051 849 4122 atmimmoermmmdenopuoiguu)

142 4184 172 4228 et
184 4172 363 4244 Luciferum,
376 4183 410 4229 ut
423 4172 543 4230 Veneris
561 4175 678 4232 stellam.
