3200 5142
399 549 456 606 260
522 509 526 516 ’
772 546 1072 605 nnnorfflorvas

398 669 507 723 Locros
528 676 682 722 vexassent.
701 689 712 716 υ
728 667 876 736 Gronov.·,
895 685 924 740 p.
945 663 1012 740 3²9²
1034 667 1068 721 In
1089 683 1150 740 quo
1169 665 1263 738 eapite
1284 661 1337 741 (a)
1359 665 1457 720 multa

399 759 508 816 similia.
524 761 564 816 Ae
577 777 644 816 sane
653 778 689 815 eo
698 760 817 816 sortasse
829 777 982 836 progressa
996 769 1038 814 eat
1050 757 1182 814 Statianae
1190 755 1380 814 affectationis
1393 776 1457 811 au-

399 853 488 910 dacia.
501 853 635 909 Ceterum
651 851 755 910 Marld.
765 871 827 907 non
839 853 913 908 mule
929 852 1084 926 proposuit
1097 851 1268 919 nudassent,
1280 860 1313 905 ut
1326 850 1457 917 Actia,

398 945 508 1016 1‚86:

506 1123 548 1137 ...
561 1125 568 1137 .
579 1125 585 1136 .
598 1086 732 1138 AEaeidee...
746 1085 860 1152 unguine
874 1089 978 1136 Teucros

506 1169 615 1221 Undabit
628 1185 732 1237 unipes.

441 1303 475 1355 In
491 1302 624 1360 dextrum
638 1302 675 1380 (v.
695 1303 757 1380 65).
775 1306 853 1382 Lege
866 1307 1012 1374 eie-etrum,
1027 1304 1235 1378 imperantibus
1253 1303 1340 1359 codd.
1353 1314 1384 1359 et
1398 1321 1459 1359 usu

399 1393 518 1470 ὕψη
533 1394 600 1468 vide
613 1397 731 1452 Maean.
751 1399 796 1454 De
812 1397 987 1473 precedenti
1000 1385 1088 1453 ¹vernn
1103 1395 1181 1452 idem
1193 1393 1377 1452 difficultates
1386 1415 1459 1452 mo-

399 1485 441 1541 vit
457 1505 464 1539 :
481 1486 533 1543 aed
547 1487 578 1542 in
591 1499 738 1564 zeugmate
756 1489 911 1546 statuendo
925 1488 1167 1566 acquiescendum
1180 1499 1235 1559 est,
1252 1489 1320 1564 quia
1336 1489 1405 1545 Ursi
1426 1491 1459 1544 in

399 1577 453 1634 illis
469 1579 636 1655 regionibus
648 1581 841 1654 possessiones
854 1601 1013 1657 earumque
1028 1583 1113 1639 eitum
1127 1600 1188 1637 non
1201 1581 1340 1637 novimus.

446 1671 547 1727 Vitoe...
557 1674 666 1729 adulte
674 1670 713 1750 (v.
725 1693 762 1744 7⁰
771 1674 857 1754 κῃ).
871 1673 1087 1732 Adolescentia.
1101 1675 1177 1729 Elea
1190 1676 1280 1728 lustm
1288 1684 1354 1728 sunt
1363 1675 1461 1747 olym-

399 1763 507 1836 piades.
530 1766 625 1822 Multa
648 1766 695 1822 bie
715 1767 752 1823 de
774 1767 893 1843 singulis
919 1767 1023 1823 Mariti.
1047 1767 1254 1822 Rhamnetem
1273 1777 1359 1839 poeta
1384 1766 1460 1822 dicit

401 1855 543 1913 Invidiam
561 1858 601 1914 ob
619 1857 720 1916 nmilia
738 1859 798 1918 iere
817 1861 919 1917 effecta
939 1879 1006 1916 eum
1024 1859 1139 1916 Nemesi
1158 1869 1187 1914 et
1206 1869 1234 1919 τὸ
1247 1869 1308 1919 trin
1329 1869 1461 1938 ponende,

401 1969 496 2024 neque
510 1960 606 2007 tamen
617 1951 753 2008 Nemesin
771 1963 800 2009 et
817 1952 959 2010 Invidiam
980 1952 1079 2008 eadem
1092 1967 1152 2007 esse
1172 1951 1290 2006 numina
1312 1950 1459 2022 eredidit,

401 2052 435 2097 nt
454 2042 557 2099 Marld.
577 2045 657 2114 vult,
675 2044 760 2101 etiam
777 2045 809 2100 in
829 2064 865 2102 eo
879 2046 966 2104 salsus
981 2044 1064 2120 quod
1082 2043 1288 2098 Rhamnusiam
1301 2060 1346 2115 ap.
1364 2043 1460 2098 Cian-

401 2133 539 2205 diam,de
552 2138 626 2192 Bell.
645 2137 726 2205 Get,
746 2135 821 2208 631,
834 2135 977 2194 Invidiam
992 2137 1208 2209 interpretatur.
1222 2137 1314 2191 Multa
1326 2135 1374 2190 hic
1389 2136 1460 2192 Sta-

401 2226 458 2283 tius
474 2227 570 2284 bausit
584 2246 620 2284 ex
634 2228 819 2285 celeberrima
837 2228 936 2286 Ovidii
949 2229 1079 2304 pietura,
1098 2229 1236 2294 Metam,
1255 2245 1289 2282 ιι.

444 2320 572 2376 Θεηίιηζτ
600 2321 653 2376 tibi
678 2339 757 2377 soeva
777 2323 896 2378 lucem
920 2319 958 2398 (v.
981 2319 1042 2398 83).
1067 2320 1196 2376 Obvium
1216 2330 1277 2375 erat
1295 2321 1460 2376 correxisse

401 2411 469 2479 snt,
492 2411 576 2487 quod
589 2413 618 2468 iu
637 2412 771 2470 codicum
783 2414 871 2470 Paris.
887 2424 916 2470 et
929 2413 1033 2470 Crueei
1052 2412 1181 2490 margine
1200 2413 1306 2468 sactum
1328 2431 1391 2468 ease
1411 2412 1460 2468 vi-

402 2502 473 2575 deo,
486 2504 635 2581 mirorque
648 2523 709 2561 nou
722 2504 835 2563 dudum
848 2507 886 2562 ab
900 2505 1062 2562 editoribus
1074 2515 1232 2579 receptum.
1247 2505 1321 2560 Nam
1334 2515 1376 2560 est
1391 2523 1461 2562 aeu-

402 2596 612 2654 minisStatiani
621 2597 762 2674 genuinus
769 2593 889 2655 &uetita
903 2600 939 2654 In
952 2597 1096 2672 superiori
1104 2616 1189 2654 versu
1195 2616 1251 2672 pro
1266 2616 1345 2653 «non
1354 2599 1459 2654 savius

402 2700 495 2761 atros,
510 2715 522 2742 a
537 2689 721 2747 scribendum
735 2709 794 2748 esee
811 2690 950 2748 videtur:
964 2714 977 2741 ι
990 2710 1051 2747 non
1069 2691 1182 2765 aegades
1200 2707 1225 2745 a.
1244 2713 1256 2739 »
1274 2689 1459 2746 Markl..vu1t

403 2807 415 2832 a
431 2782 538 2855 secius,
552 2807 565 2836 ι
579 2781 660 2858 quod
673 2782 767 2840 minua
780 2784 912 2858 probem.
926 2783 1003 2840 Illud
1016 2783 1152 2840 ductibus
1164 2801 1284 2858 quoque
1297 2783 1459 2840 litterarum

403 2875 625 2934 convenientius.

443 2969 538 3027 deis...
552 2974 645 3046 mptie
658 2970 696 3050 (v.
711 2971 775 3050 95).
789 2972 858 3029 Non
872 2995 884 3022 α
900 2970 957 3027 reis
970 2981 1075 3046 preter
1087 2988 1166 3045 spem
1181 2971 1288 3044 ereptis
1299 2969 1429 3043 judicio,
1443 2994 1459 3021 ι

404 3073 436 3116 ut
450 3063 620 3136 explicatur,
633 3066 684 3122 sed
697 3065 753 3123 reia
766 3063 798 3122 in
809 3063 857 3138 jus
870 3063 973 3138 raptio,
986 3073 1056 3120 nota
1069 3062 1227 3120 locutione.

445 3155 561 3212 Solvisti
570 3178 582 3226 ,·
595 3159 670 3215 subit
681 3159 730 3214 ille
740 3158 811 3234 pios
823 3153 862 3233 (v.
877 3152 940 3234 98).
955 3156 1030 3214 Sane
1043 3153 1144 3212 durius
1157 3155 1275 3212 aaubire
1292 3154 1392 3229 pioop·
1408 3155 1461 3211 sed

405 3247 517 3304 admitti
531 3266 593 3305 non
605 3260 702 3324 potest
714 3250 754 3307 ob
768 3260 863 3307 cetera
876 3247 940 3305 Nic.
955 3247 1064 3306 Heinsii
1078 3247 1241 3304 emendatio
1254 3258 1408 3321 tantopere
1418 3247 1462 3304 di-

405 3341 520 3398 laudata
533 3359 550 3397 a
563 3345 728 3400 Brarruanuo
742 3341 780 3399 ad
793 3341 909 3399 Anthol.
925 3344 992 3409 lat,
1008 3351 1028 3397 t.
1043 3359 1083 3412 11,
1096 3359 1126 3415 p.
1143 3339 1179 3398 ⁵5
1195 3359 1202 3394 ε

514 3499 568 3546 Iam
582 3496 648 3546 Iueoe
660 3495 726 3548 eubit
738 3495 779 3546 ille
788 3497 849 3564 pion.
935 3510 941 3521 ·

446 3637 598 3710 Movetque
623 3636 803 3712 dubiumque
822 3637 931 3692 decora'r
951 3633 989 3713 (v.
1014 3631 1090 3711 rot).
1113 3635 1173 3691 MS.
1193 3635 1320 3691 Floreat.
1339 3639 1368 3688 et
1391 3631 1463 3692 edd.

407 3727 540 3802 quedem
551 3739 620 3785 vett
635 3751 648 3778 ι
662 3729 785 3786 decoros
799 3749 806 3782 :
821 3751 837 3779 a
851 3746 943 3802 quare
955 3727 1110 3804 legendum
1128 3750 1144 3778 α
1157 3741 1312 3800 moresque
1324 3725 1462 3782 dubitus-

407 3839 462 3896 que
482 3823 600 3878 decorus
617 3841 627 3877 :
645 3845 657 3872 i
677 3840 736 3878 vox
749 3820 825 3878 enim
844 3821 974 3888 habitus,
990 3819 1110 3894 quando
1124 3818 1161 3876 de
1174 3818 1271 3874 auimo
1286 3829 1464 3892 usurpatur,

406 3932 529 3971 numero
542 3913 734 3972 multitudinis
747 3917 918 3990 plerumque
932 3913 1060 3972 effertur.
1077 3939 1089 3962 υ
1104 3915 1236 3983 Maean,
1250 3929 1339 3986 qaeu
1351 3929 1390 3966 v.-

395 4003 396 4006 ’
448 4009 542 4064 Canu.
556 4009 621 4064 v11.
636 4009 671 4063 In
683 4009 769 4063 Pollu
781 4005 972 4083 Argentaria,
984 4004 1095 4061 Lucani
1107 4015 1201 4078 poete
1214 4003 1327 4074 uxoris,
1340 4003 1464 4080 gratiam

408 4101 554 4174 seriptum.
569 4100 807 4177 Hendecasyilabi
821 4119 828 4154 ε
843 4099 911 4156 vide
923 4099 1018 4173 Epist.

453 4193 565 4250 Vestem
572 4191 754 4269 perfundant
766 4195 860 4251 edem
879 4189 919 4272 (v.
946 4189 999 4271 ιι).
1017 4191 1039 4246 1.
1055 4210 1079 4247 e.
1095 4189 1277 4246 abundanter
1296 4186 1465 4260 injiciantur
