3206 5136
172 431 294 494 (abts.)
398 469 402 478 .
494 431 713 489 'rusutmos
734 433 844 488 LIBER
868 435 916 489 tt.

173 558 283 650 Orgia
300 557 389 625 ferre
408 559 535 643 Getas,
553 581 744 649 canumque
765 557 929 626 virescere
949 554 1050 625 dorso

174 676 331 770 Othryn,
350 692 385 746 et
401 680 510 748 Icaria
528 677 721 772 Rhodopen
739 691 933 746 assueverat
955 678 1090 765 umbra,

173 799 220 866 Et
233 798 304 891 jain
325 799 524 896 pampineos
541 813 693 870 materna
711 797 755 866 ad
772 798 896 866 moenia
915 821 1035 865 currus

168 919 359 988 'Promovet
379 945 388 988 ε
410 919 546 990 effrenae
566 918 684 988 dextra
700 916 849 1012 laevaque
868 931 1057 1011 sequuntur

174 1041 330 1132 Lyncea,
347 1055 380 1109 et
402 1041 467 1110 uda
486 1065 580 1110 mero
600 1038 755 1109 lambunt
773 1036 958 1108 retinacula
979 1039 1092 1132 tigres.

176 1161 258 1226 Post
278 1159 483 1230 exsultantes
505 1158 610 1255 spolia
629 1157 827 1230 armentalia
845 1172 983 1252 portant

176 1281 436 1376 seminecesque
456 1283 569 1375 lupos,
589 1283 774 1376 scissasque
795 1279 1009 1351 Mimallones
1030 1304 1134 1349 ursas.

178 1401 251 1470 Nec
269 1403 449 1472 comitatus
467 1403 576 1491 incrs;
595 1418 675 1472 sunt
694 1401 760 1474 illic
778 1406 850 1490 Ira,
868 1405 1065 1495 Furorque,

178 1524 226 1590 Et
242 1524 374 1612 Metus,
395 1539 429 1592 et
446 1526 587 1612 Virtus,
606 1537 639 1592 et
662 1549 835 1616 nunquam
855 1522 1136 1614 sobriusllrdor,
1243 1581 1246 1588 n

179 1641 405 1737 Succiduique
424 1644 570 1740 gradus,
587 1659 621 1714 et
639 1660 751 1714 castra
767 1643 937 1714 simillima
955 1646 1037 1740 regi.
1088 1639 1092 1655 '

179 1765 280 1856 Isque
299 1764 357 1832 nbi
378 1762 538 1858 pulverea
559 1769 711 1836 Nemeen
731 1765 894 1834 effervere
910 1766 1002 1835 nube

181 1883 379 1980 Conspicit,
397 1899 430 1954 et
451 1883 554 1955 solem
573 1885 676 1956 radiis
693 1889 865 1981 ignescere
885 1888 984 1978 serui,

180 2005 337 2080 Necdum
355 2011 558 2102 compositas
574 2006 655 2078 belli
674 2010 709 2078 iu
728 2010 914 2078 certamina
931 2009 1079 2097 Thebas3

182 2131 376 2198 Concussus
396 2131 491 2218 visis,
510 2155 704 2224 quanquam
723 2155 782 2199 ore
801 2144 836 2198 et
855 2144 992 2224 pectore
1010 2149 1155 2219 marcet,

183 2250 350 2343 AEraque,
370 2264 614 2346 tympanaque,
635 2266 668 2319 et
685 2250 829 2320 biforem
851 2252 992 2319 reticere
1010 2249 1192 2320 tumultum

182 2373 351 2462 Imperat,
371 2371 532 2440 attonitas
551 2373 610 2464 qui
627 2373 754 2441 circum
773 2370 939 2466 plurimus
960 2367 1074 2458 aures;

185 2493 295 2584 Atque
306 2491 353 2559 ita
366 2517 374 2560 ε
387 2492 471 2559 «Me
480 2516 600 2560 manns
615 2494 693 2576 ista,
707 2516 887 2585 meamque
900 2491 1095 2561 exscindere
1110 2507 1241 2588 gentem

183 2617 351 2707 Apparet,
368 2626 402 2680 et
417 2608 518 2706 longe
537 2610 661 2682 recalet
681 2613 776 2680 furor
792 2639 800 2681 :
821 2613 887 2682 hoc
908 2613 991 2681 mihi
1010 2636 1134 2680 saevum

184 2735 294 2826 Argos
311 2747 345 2800 et
366 2732 537 2802 indomitae
552 2731 677 2801 bellum
700 2735 766 2802 ciet
786 2735 837 2802 ira
855 2731 1030 2802 novercae!
1074 2742 1080 2750 ’

186 2855 304 2946 Usque
321 2851 450 2921 adeone
469 2869 591 2951 parurn
610 2857 714 2924 cineri
732 2853 811 2922 data
826 2869 934 2922 mater
950 2856 1094 2948 iniquo?

186 2972 391 3070 Natalesqne
408 2977 504 3072 rogi?
525 3001 666 3071 quaeque
683 2977 753 3070 ipse
773 2977 930 3044 micantia
948 2979 1037 3044 sensi

186 3094 356 3190 Fulgura?
376 3097 547 3191 relliquias
563 3099 685 3184 etiam,
703 3097 850 3189 fusaeque
867 3095 1060 3190 sepulcrum
1106 3136 1109 3146 ·

187 3216 339 3307 Pellicis,
359 3232 391 3288 et
410 3218 552 3287 residem
572 3217 662 3286 ferro
678 3217 764 3311 petit
783 3217 936 3310 improba
953 3217 1102 3285 Theben.

188 3340 332 3406 Nectam
351 3337 471 3408 fraude
492 3362 629 3407 moras:
654 3336 765 3422 illum,
787 3334 881 3404 illum
902 3335 1030 3405 tendite
1050 3364 1225 3433 campum,

187 3458 348 3550 Tendite,
368 3461 417 3548 io,
435 3461 619 3528 comites.»
639 3461 803 3552 Hyrcanae
824 3457 866 3524 ad
888 3458 984 3551 signa
1000 3456 1130 3551 jugales

189 3582 386 3649 Intumuere
401 3580 521 3673 jubas,
539 3577 631 3646 dicto
648 3579 742 3672 prius
760 3577 890 3646 adstitit
907 3580 1004 3646 arvis.

235 3702 381 3794 Tempus
397 3714 489 3786 erat,
513 3697 615 3766 medii
631 3723 737 3790 quum
754 3696 860 3766 solem
875 3697 909 3764 in
924 3696 1072 3767 culmina
1086 3700 1205 3768 mnudi

187 3818 288 3888 Tollit
306 3816 427 3888 anhela
445 3818 538 3908 dies,
557 3819 616 3888 ubi
636 3817 750 3886 tardus
769 3817 941 3886 hiantibus
960 3821 1049 3888 arvis

189 3941 261 4008 Stat
280 3964 400 4036 vapor,
420 3955 524 4032 atque
542 3962 658 4007 omnes
678 3937 863 4005 admittunt
879 3937 1005 4006 aethera
1026 3938 1102 4008 luci.

192 4060 367 4129 Undarum
383 4073 481 4128 vocat
498 4058 555 4128 ille
573 4062 682 4146 Dens,
702 4055 901 4150 mediusque
920 4055 1078 4127 silentum
