3200 5142
399 495 458 552 250
778 485 1078 550 ADNOThTioNFS

396 611 543 688 quesitam
557 607 766 668 vehementiam
779 627 787 664 ε
802 627 867 684 que
881 607 1064 666 commendat
1079 605 1180 682 Hoplii
1189 605 1386 682 conjecturam
1398 627 1453 664 ex-

394 704 518 780 positam
531 722 548 760 a
562 705 726 760 Brunssnno
746 702 786 760 ad
799 702 916 760 Anthol.
936 703 1003 758 Lar.
1012 741 1023 770 ,
1042 701 1100 758 vol.
1121 720 1161 772 ιι,
1180 720 1209 775 p.
1225 702 1283 772 677
1299 721 1307 755 :
1321 701 1455 757 «livers-

394 809 454 854 tem
474 816 495 854 s.
522 796 604 874 nigra
622 795 757 870 mhigine
768 814 887 872 purges.
898 819 911 846 ι»
932 821 944 845 a
959 797 1000 852 Ut
1020 795 1171 868 predicet,
1188 794 1298 870 inquit,
1315 795 1454 852 Manlium

394 889 494 948 satiras
507 908 568 946 non
585 897 697 946 tautum
710 887 870 946 felicissime
884 887 1025 958 condere,
1038 887 1103 958 sed,
1117 887 1200 962 quod
1218 889 1311 943 multo
1331 889 1452 962 precla-

393 983 467 1054 rius,
480 981 550 1038 vitia
562 981 650 1056 hujus
664 979 811 1052 caminis,
824 998 889 1055 que
903 979 1014 1055 priores
1021 999 1082 1038 non
1092 981 1158 1038 satis
1171 981 1454 1057 effugerannm-

393 1077 479 1148 dsre,
493 1087 523 1133 et
535 1075 643 1134 salibus
656 1093 690 1132 ac
708 1073 861 1132 festivitate
875 1090 992 1130 succum
1006 1073 1135 1148 loliginis
1148 1084 1217 1130 atrae
1232 1084 1261 1129 et
1274 1073 1452 1148 rubiginem,

392 1169 499 1245 quibus
508 1179 591 1227 antea
605 1167 636 1224 in
650 1167 777 1224 omnium
785 1166 886 1224 odium
901 1164 1027 1222 adducta
1040 1166 1238 1237 laboraverat,
1253 1176 1411 1240 temperare
1424 1177 1453 1221 er

391 1279 556 1340 purgare.»

431 1369 528 1425 Flavs's
548 1369 670 1424 Hennes
692 1377 886 1422 transcurrere
910 1364 983 1440 sapis
997 1371 1035 1438 (v.
1060 1362 1136 1443 ιο7).
1159 1363 1371 1436 Wakefieldus‚
1389 1367 1450 1428 sito,

391 1463 468 1529 crit,
484 1463 542 1519 vol.
557 1481 590 1532 r,
603 1479 633 1534 p.
649 1456 706 1530 35,
719 1457 767 1518 hic
780 1457 906 1517 restituit
920 1482 932 1510 a
948 1457 1033 1514 fulvis
1047 1459 1083 1516 fl.
1097 1469 1134 1516 tr.
1149 1459 1230 1526 rivis,
1247 1483 1260 1510 s
1273 1459 1303 1516 in
1317 1478 1380 1534 quo
1393 1477 1450 1532 po-

391 1566 526 1612 stremum
540 1573 642 1612 verum
649 1552 760 1628 judico.

430 1664 526 1720 cisa.
539 1663 592 1720 IV.
605 1657 875 1736 mmmqaefin
889 1670 1014 1716 seneetoe
1027 1655 1068 1736 (v.
1084 1677 1100 1728 7
1117 1655 1180 1736 esp).
1196 1658 1314 1733 Optime
1328 1657 1451 1732 explicat

389 1755 510 1826 blarhl„
532 1753 745 1828 asu-pentibus
757 1751 879 1827 petitam
897 1770 958 1808 esse
977 1751 1178 1825 metaphoram
1197 1752 1321 1823 docens,
1343 1751 1453 1808 collatis

389 1847 501 1921 Plinio,
515 1849 588 1904 Hier.
607 1848 674 1902 Nar.
682 1885 693 1914 ,
708 1863 799 1910 nix.
814 1843 832 1902 5
847 1864 855 1900 s
871 1869 924 1901 a...
939 1845 1105 1902 membrana
1119 1841 1279 1922 (anguium)
1294 1845 1355 1902 sive
1372 1862 1452 1899 sene-

389 1939 625 1998 enrsrernatione
636 1947 742 2008 exutas
754 1963 767 1989 ι
781 1949 811 1995 ct
824 1938 888 2012 ipso
902 1938 1011 2007 Statio,
1024 1937 1182 2005 Thebaid,
1193 1956 1240 2008 ss,
1253 1936 1294 2013 95
1301 1955 1366 2012 sqq.
1379 1937 1451 1992 Nam

388 2033 426 2090 de
445 2043 591 2090 senectute
606 2029 729 2106 proprio
743 2029 906 2106 significatu
920 2031 1049 2106 cogitare
1062 2040 1140 2086 vetat
1160 2049 1188 2086 v.
1205 2029 1242 2085 52
1257 2049 1301 2104 sq.
1317 2031 1453 2086 Ceterum

388 2125 513 2184 Rutilius
526 2125 651 2182 Gallicus
665 2135 728 2182 tum
742 2135 804 2182 erat
815 2124 967 2198 prefectus
983 2123 1066 2181 Urbi.
1085 2123 1129 2180 Cf.
1143 2125 1256 2180 Basra.

430 2219 545 2276 Certent
560 2219 662 2274 loerirn
671 2237 683 2286 ,¹
702 2237 841 2293 nosseque
860 2236 899 2272 ee
915 2216 1015 2272 ordine
1033 2217 1115 2272 collr's
1136 2213 1303 2286 Constemus
1327 2213 1367 2292 (v.
1390 2213 1452 2293 13).

388 2311 435 2368 Sic
455 2312 537 2369 MSS.
560 2321 589 2368 et
602 2310 741 2368 sententia
768 2320 799 2366 et
810 2318 903 2366 metro
924 2308 1044 2365 violatis.
1070 2307 1264 2381 Reliquorum
1282 2306 1454 2364 testauuni·

386 2404 443 2462 bus
464 2402 613 2473 refutatis,
628 2401 814 2460 Marklaudus
834 2401 975 2458 medelam
995 2419 1057 2456 non
1079 2399 1196 2456 invenit.
1213 2399 1286 2457 Cod.
1301 2399 1452 2475 Rhedig.:

387 2519 403 2548 c
425 2514 592 2570 noseque.»
614 2494 712 2552 Liceat
729 2493 902 2552 substituere
924 2493 1041 2550 iuterim
1063 2517 1076 2544 a
1095 2491 1264 2566 omnisque,
1284 2515 1297 2542 n
1318 2491 1403 2566 quod
1423 2490 1453 2548 in

387 2597 473 2656 codd.
493 2607 535 2653 est
556 2597 614 2652 hoc
629 2596 803 2670 compendio
817 2599 923 2674 cisque.
944 2598 1048 2655 Hiatus
1075 2597 1106 2654 in
1129 2597 1184 2652 hac
1201 2615 1303 2652 versus
1323 2596 1393 2652 sede
1417 2612 1453 2652 ex

387 2689 509 2765 Virgilio
522 2688 695 2745 notissimus.
711 2689 762 2744 His
780 2689 893 2764 scriptis
907 2691 1103 2758 animadverto
1118 2688 1238 2746 similem
1253 2707 1313 2744 esse
1331 2686 1453 2745 Webcri

386 2783 571 2854 sententiani,
585 2784 671 2857 plura
685 2792 781 2838 tamen
793 2784 940 2841 mutantis.

429 2889 510 2944 Nova
524 2891 634 2944 soecnia
651 2885 691 2966 (v.
710 2907 743 2960 ¹7
759 2886 825 2965 sq.).
841 2888 970 2964 Respicit
983 2889 1021 2946 ad
1033 2889 1121 2945 ludos
1134 2889 1282 2944 Seculares
1305 2907 1323 2943 a
1339 2886 1446 2943 Domi-

386 2981 466 3037 tiano
480 2982 654 3052 celebratos,
669 2992 702 3038 nt
714 2981 803 3037 moris
817 2992 892 3051 erat,
907 2981 945 3038 ad
957 3001 1037 3038 aram
1051 2979 1187 3054 Terenti,
1200 2981 1232 3038 iu
1245 3000 1350 3056 campo
1370 2983 1451 3036 hiar-

387 3073 439 3130 tio.
453 3076 538 3131 Plura
553 3075 685 3131 dabimus
698 3073 736 3130 ad
750 3075 846 3130 Valer.
861 3076 956 3146 Max„
973 3095 1013 3147 11,
1030 3082 1061 3146 l,
1081 3078 1096 3144 ς
1112 3071 1138 3130 5.

426 3179 510 3236 Feli:
525 3177 564 3256 (v.
584 3177 641 3258 11¹)·
661 3180 756 3238 Curise
770 3179 935 3254 epitheton;
953 3199 979 3236 v.
1000 3182 1121 3238 Mansa.
1136 3181 1180 3236 De
1193 3197 1275 3254 sqq„
1291 3198 1320 3235 s.
1337 3181 1450 3248 Gnoss„

388 3272 501 3342 Dicte,
515 3291 546 3348 p.
567 3271 624 3330 206
638 3292 703 3348 sqq.

427 3381 462 3436 V.
485 3377 522 3436 5⁸
542 3399 585 3454 sq.
606 3377 755 3454 Significat
767 3380 934 3453 Apollinem
949 3379 1087 3436 Vercellis
1100 3381 1226 3449 crsltum3
1244 3377 1313 3434 hinc
1334 3380 1449 3452 Apolli-

385 3491 450 3529 nea·
477 3473 612 3528 Vercellas
640 3489 687 3546 ap.
711 3472 836 3528 Mutia.
856 3491 893 3542 x,
910 3474 1000 3546 epigr.
1028 3491 1073 3528 rs.
1095 3473 1185 3541 Inde,
1203 3481 1238 3526 ut
1256 3471 1449 3546 probabiliter

386 3563 505 3638 conjicit
522 3564 643 3635 Marii,
657 3564 799 3621 oriundus
814 3564 939 3622 Rutilius
951 3565 1086 3622 Gallicus.

428 3669 562 3728 camna
580 3667 620 3748 (v.
640 3669 700 3748 97).
722 3670 810 3727 Reicr
824 3671 862 3728 ad
875 3671 992 3728 eosdem
1006 3671 1092 3728 ludos
1112 3672 1260 3728 Seculares
1275 3690 1282 3724 ι
1298 3670 1329 3724 in
1343 3670 1450 3744 quibus

385 3781 500 3820 carmen
522 3763 649 3820 seculare
670 3763 864 3837 composuisse
893 3765 1035 3821 Rutilium
1058 3764 1105 3820 hic
1127 3766 1209 3822 locus
1229 3762 1383 3820 ostendere
1406 3765 1449 3818 vi-

386 3855 481 3912 detur.

425 3951 547 4006 Versum
560 3968 599 4024 99
613 3969 650 4008 cx
662 3970 718 4007 usu
730 3961 860 4008 vetemm
874 3951 999 4026 explicat
1012 3950 1259 4023 Gronov.‚Dirtr.
1266 3987 1277 4018 ,
1286 3967 1317 4023 p.
1333 3949 1392 4007 283
1407 3969 1449 4024 sq.

425 4057 492 4111 Κέω
511 4075 543 4110 se
563 4056 652 4132 cingit
668 4068 785 4131 uter-qne
803 4058 924 4112 Poeonrb
937 4055 977 4134 (v.
1002 4054 1080 4135 107).
1094 4057 1286 4132 Hippocrates
1298 4054 1448 4132 praecipit,

386 4159 420 4204 ut
441 4147 559 4222 medici,
579 4150 736 4226 prasertim
757 4151 902 4227 chirurgi,
924 4150 978 4207 sint
998 4161 1077 4208 veste
1105 4150 1217 4208 astricta
1242 4161 1271 4206 et
1295 4149 1449 4205 succincta.
