3172 5142
387 471 424 539 st
622 447 626 458 ’
707 429 922 530 murrinos
941 473 1053 530 uranu
1076 475 1126 529 v1.
1321 472 1441 538 (ωε.)

387 600 427 664 ln
445 595 569 662 cineres
590 621 596 661 :
618 597 742 665 instant
760 597 920 686 flammis,
932 596 1111 691 multoque
1128 611 1288 692 soporant

387 717 497 785 lmbre
518 741 657 812 rogum,
679 720 787 811 posito
808 717 914 788 donec
933 743 1010 787 cum
1031 718 1100 788 sole
1120 717 1251 789 labores

386 837 546 935 Exhausti
566 862 573 903 :
597 839 677 906 seris
696 839 750 906 vix
768 839 865 907 cessit
881 862 963 907 cura
980 839 1135 926 tenebris.

435 956 579 1026 Roscida
589 957 660 1050 jam
677 959 790 1028 novies
806 955 890 1027 coelo
908 957 1079 1028 dimiserat
1094 976 1183 1029 astra

385 1077 537 1164 Lucifer,
555 1093 589 1148 et
607 1076 744 1147 totidem
763 1082 868 1148 Luna
885 1095 1095 1173 prevenerat
1110 1082 1202 1175 ignes

384 1201 517 1266 Mutato
535 1214 719 1268 nocturnus
736 1224 822 1293 equo
840 1224 848 1268 ε
867 1224 928 1268 nec
943 1201 1078 1269 conscia
1094 1199 1179 1269 fallit

385 1318 516 1406 Sidera,
537 1335 570 1388 et
585 1319 714 1389 alterno
731 1318 950 1414 deprenditur
966 1344 1054 1388 unus
1072 1322 1107 1388 in
1121 1335 1198 1388 ortu
1214 1347 1222 1389 :

384 1439 533 1533 (Mirum
548 1464 632 1535 opus
648 1425 845 1509 accelerasse
859 1438 1001 1534 manus)
1015 1455 1081 1508 stat
1095 1466 1190 1510 saxea
1205 1441 1326 1530 moles,

383 1557 558 1653 Templum
573 1561 708 1653 ingens,
724 1560 843 1646 cineri,
861 1583 1041 1652 rerumque
1056 1560 1198 1630 effectus·
1210 1563 1244 1629 in
1262 1560 1320 1629 illo

384 1677 477 1749 Ordo
491 1679 588 1750 docet
603 1704 696 1748 casus
713 1705 721 1748 :
737 1680 828 1748 fessis
843 1679 898 1748 hic
911 1679 1050 1748 llumina
1063 1695 1228 1750 monstrat

383 1799 563 1894 Hypsipyle
578 1801 720 1885 Danais,
735 1801 791 1869 hic
804 1814 916 1894 reptat
928 1798 1048 1868 flebilis
1061 1800 1188 1889 infans,

325 2013 330 2030 ἡ
383 1923 446 1990 Hic
456 1921 560 2014 jacet,
575 1935 760 1990 extremum
778 1919 897 1990 tumuli
914 1922 1040 1990 circum
1057 1936 1188 2015 asperat
1202 1921 1318 2014 orbem

383 2043 567 2134 Squameus
582 2068 590 2110 ε
606 2057 774 2137 exspectes
787 2042 959 2110 morientis
972 2040 1014 2108 ab
1028 2065 1087 2110 ore
1100 2054 1238 2110 cruenta

384 2163 503 2252 Sibila,
522 2188 708 2248 marmorea
723 2165 769 2232 sic
784 2162 929 2232 volvitur
943 2165 1062 2258 anguis
1077 2165 1113 2231 in
1126 2164 1229 2233 hasta.

430 2288 569 2378 Jamque
584 2283 720 2354 avidum
734 2309 864 2380 pugnas
881 2283 1006 2353 visendi
1021 2283 1140 2379 vulgus
1155 2286 1300 2354 inermes

383 2410 481 2474 Fama
496 2420 616 2474 vocat:
632 2407 760 2474 cunctis
773 2405 861 2473 arvis
876 2429 915 2472 ac
928 2404 1091 2472 moenibus
1105 2403 1227 2473 adsunt
1313 2385 1317 2394 ¹

381 2528 488 2596 Exciti
502 2553 509 2596 :
525 2525 572 2595 illi
588 2528 704 2614 etiam,
718 2527 793 2619 quis
807 2523 885 2594 belli
899 2525 1087 2619 incognitus
1102 2526 1233 2608 horror,

380 2647 476 2736 Quos
489 2647 599 2717 effoeta
612 2646 720 2736 dorni,
735 2671 820 2739 quos
833 2646 943 2742 prima
958 2643 1138 2738 reliquerat
1149 2659 1244 2736 aetas,

380 2771 615 2838 Conveniunt:
632 2793 700 2837 non
715 2782 773 2836 aut
787 2766 951 2862 Ephyraeo
966 2768 999 2834 in
1014 2763 1111 2836 litore
1125 2782 1218 2836 tanta

380 2893 554 2984 Unquam,
569 2903 627 2958 aut
641 2891 809 2959 OEnomai
824 2887 1031 2956 fremuerunt
1045 2889 1180 2981 agmina
1193 2890 1283 2958 circo

428 3009 579 3080 Collibus
593 3011 758 3096 incurvis,
772 3007 939 3100 viridique
953 2991 1086 3076 obsessa
1099 3031 1223 3082 corona

379 3131 484 3201 Vallis
497 3135 532 3199 in
548 3128 701 3224 amplexu
716 3152 891 3197 nemorum
905 3127 997 3196 sedet
1010 3152 1018 3195 :
1032 3126 1162 3221 hispida
1176 3128 1305 3196 circum

379 3257 476 3322 Stant
485 3252 581 3347 juga,
596 3263 629 3318 et
642 3249 791 3342 objectus
805 3249 945 3343 geminis
960 3247 1163 3316 umbonibus
1177 3272 1281 3342 agger

379 3378 544 3468 Campum
561 3371 649 3440 exire
669 3384 775 3458 vetat,
797 3367 899 3462 longo
917 3391 1016 3461 quem
1034 3368 1169 3436 tramite
1184 3364 1325 3461 planum

379 3497 567 3567 Gramineae
581 3491 729 3580 frondes,
744 3493 940 3583 sinuataque
954 3489 1076 3584 cespite
1091 3490 1166 3557 vivo
1191 3579 1196 3586 .

378 3615 496 3686 Mollia
511 3640 578 3684 non
594 3615 712 3682 subitis
728 3626 851 3708 augent
864 3611 996 3705 fastigia
1010 3608 1115 3678 clivis.

427 3735 501 3805 lllic
515 3735 670 3822 conferti,
682 3735 754 3826 jam
768 3727 836 3802 sole
850 3731 1048 3800 rubentibus
1062 3730 1164 3816 arvis,

377 3857 535 3929 Bellatrix
549 3855 662 3926 sedere
677 3855 797 3924 cohors
813 3879 821 3920 ε
837 3853 882 3921 ibi
897 3876 1038 3946 corpore
1051 3854 1155 3920 mixto

377 3981 490 4050 Metiri
504 4001 697 4064 numerum,
713 3973 906 4068 vultusque,
921 3973 1122 4066 habitusque
1135 3997 1290 4062 suorum,

377 4099 483 4171 Dulce
498 4100 595 4184 viris,
610 4098 760 4190 tantique
771 4097 867 4187 juvat
881 4093 1005 4163 fiducia
1019 4091 1109 4162 belli.
