3206 5136
403 471 1453 498 mumufflnnmfflumuummnmmumnmm

663 817 1199 925 ADNOTATIONES

407 1155 473 1242 IN
505 1155 553 1242 P.
589 1151 816 1241 PAPINII
850 1149 1047 1240 STATII
1081 1151 1450 1246 THEBAIDEM.

733 1884 774 1939 IN
795 1885 943 1941 LIBRUM
965 1885 1132 1942 mmm,

448 2041 569 2096 Muris...
590 2041 688 2107 tyrios
704 2040 842 2094 accedere
857 2051 963 2096 montes
977 2036 1050 2116 (v.9
1072 2037 1136 2116 sq.).
1154 2039 1175 2094 Ι.
1197 2059 1220 2095 e.
1243 2059 1312 2096 saxa
1333 2041 1454 2098 theban:

406 2132 531 2208 regionis
544 2131 648 2189 attrahi
662 2140 749 2188 cantu
762 2130 800 2187 ad
812 2149 911 2188 muros
924 2127 1083 2208 fingendus.
1098 2132 1202 2188 Melius
1215 2133 1272 2188 hoc
1287 2152 1372 2208 quam
1380 2136 1454 2190 Gro-
1578 2189 1579 2238 ,

407 2225 487 2284 novii
499 2226 667 2298 conjectura
691 2225 794 2298 Tyriis.

449 2319 573 2394 Spemne
587 2316 746 2391 triumphos
761 2314 799 2392 (v.
817 2313 872 2394 ιδ)
889 2320 1000 2374 Verum
1018 2318 1080 2374 sine
1099 2317 1192 2374 dubio
1212 2330 1255 2374 est
1272 2319 1355 2394 qnod
1370 2321 1454 2376 Hein-

406 2411 464 2467 sius
478 2421 507 2466 et
523 2407 713 2478 Marklandus
726 2407 764 2464 ad
776 2409 857 2476 Sita,
872 2428 899 2481 1,
922 2417 956 2481 4,
969 2427 1022 2484 91,
1036 2411 1223 2466 restituerunt
1238 2431 1245 2466 :
1259 2413 1372 2486 spiam
1385 2425 1417 2466 tr.

446 2504 532 2560 Bella
545 2503 628 2558 Ιονὶε.
646 2501 740 2576 licque
758 2518 776 2556 ο
795 2502 859 2556 Lac
874 2497 914 2580 (v.
928 2502 987 2578 aa).
1007 2503 1173 2559 Necessarie
1190 2504 1375 2560 scribendum
1393 2525 1453 2560 cum

406 2595 556 2652 Gronovio
576 2614 584 2650 ε
601 2595 654 2650 «Β.
670 2593 767 2664 Jovis;
786 2603 874 2668 teque
887 2611 922 2664 ο,
937 2604 990 2651 etc.
1001 2618 1014 2645 ι
1028 2595 1065 2651 Et
1080 2595 1139 2652 hoc
1153 2595 1305 2653 confimat
1319 2597 1384 2654 cod.
1398 2599 1454 2654 tte-

406 2687 458 2764 giae
471 2687 545 2743 Bibl.
564 2705 608 2743 nr.
626 2684 720 2759 8051,
737 2685 834 2742 saeculi
846 2703 882 2757 x,
902 2705 990 2761 quem
1007 2687 1158 2746 brevitatis
1176 2707 1262 2744 causa
1282 2689 1356 2766 Reg.
1374 2709 1385 2744 1
1410 2689 1455 2746 di·

407 2799 512 2837 cemus.

447 2873 570 2929 Pierio...
591 2883 679 2928 oestm
698 2869 736 2950 (v.
756 2869 816 2951 32).
837 2871 929 2928 Ccdd
944 2873 1042 2946 multi,
1055 2873 1132 2930 inter
1151 2893 1226 2949 qnos
1239 2877 1312 2949 Reg.
1337 2893 1355 2931 a
1375 2873 1407 2946 (i.
1432 2894 1453 2929 e.

322 2999 323 3004 κ
409 2966 477 3040 [leg.
492 2965 564 3021 Bibl.
577 2985 621 3021 nr.
644 2964 740 3036 8052,
757 2984 818 3022 saec
839 2961 911 3042 ιιι),
924 2975 953 3020 et
968 2983 979 3021 1
993 2983 1010 3022 a
1024 2985 1078 3022 sec.
1093 2985 1148 3037 m.,
1161 2967 1270 3022 habent
1284 2969 1427 3042 laurigero
1444 2987 1452 3019 :

407 3057 505 3132 quod,
517 3069 551 3113 nt
563 3077 600 3114 ex
612 3058 676 3132 ipso
689 3058 820 3133 percepi,
838 3058 945 3131 prohat
958 3058 1002 3114 vir
1015 3059 1053 3114 ill.
1070 3058 1274 3115 Mitscherlich.

448 3153 568 3208 laemoeo
581 3149 620 3231 (v.
635 3149 696 3230 38).
710 3152 832 3229 Argivo.

445 3248 538 3302 Inane
550 3249 642 3302 solum
655 3243 694 3324 (v.
715 3243 774 3324 55).
789 3246 881 3303 Vacui
895 3247 1047 3303 octdorum
1059 3245 1125 3302 loci
1140 3245 1213 3302 Vide
1227 3235 1363 3302 Gnonbv.

446 3340 575 3396 &cunda
593 3335 631 3418 (v.
648 3337 707 3417 59).
727 3339 851 3413 Adjuva.
866 3341 945 3396 Male
963 3338 1102 3394 intellexit
1115 3338 1290 3395 Lactantius.

447 3434 612 3508 Mnemque
626 3435 725 3504 ocules
746 3434 776 3488 in
795 3445 886 3490 matre
903 3433 1007 3508 reliqui
1024 3428 1062 3509 (v.
1085 3427 1144 3510 7²)·
1161 3431 1240 3488 Dicit
1257 3449 1287 3487 se
1296 3473 1306 3502 ,
1322 3431 1404 3487 simul
1426 3449 1456 3484 ac

407 3535 528 3582 matrem
549 3524 725 3602 agnovisset,
743 3527 845 3584 oculos
866 3525 921 3582 sibi
939 3524 1045 3580 eruisse
1067 3535 1096 3579 et
1119 3523 1190 3579 nihil
1209 3534 1277 3598 post
1298 3543 1362 3580 eam
1386 3543 1455 3579 con-

408 3617 532 3692 spexisse
547 3638 554 3672 :
570 3637 639 3693 ergo
655 3619 684 3674 in
698 3631 789 3675 matre
808 3621 903 3674 ocutos
917 3618 1036 3692 reliquit.

447 3710 505 3764 Pro
518 3711 618 3764 dolor!
631 3721 660 3766 ct
670 3723 767 3766 nostm
782 3706 821 3786 (v.
838 3707 897 3787 77).
910 3709 1068 3766 thsctibo
1075 3707 1186 3780 judicio
1200 3709 1331 3764 Barthii:
1346 3709 1454 3782 «Opti-

407 3820 460 3858 mae
479 3811 509 3858 et
536 3801 737 3876 antiquissime
759 3803 932 3858 membrana
958 3819 1020 3858 non
1043 3811 1203 3876 agnoscunt
1227 3802 1306 3857 hunc
1333 3820 1453 3858 versum.

407 3895 470 3952 Nec
481 3913 548 3952 sane
562 3892 718 3951 admodum
731 3894 909 3952 commodus.
926 3920 938 3945 s
953 3894 1021 3951 Sine
1033 3913 1115 3952 mora
1128 3894 1287 3968 ejiciendus
1299 3906 1350 3950 est.

450 3987 636 4064 cognataque
658 3988 782 4043 Tartara
806 3991 914 4044 mavult
938 3989 976 4064 (v.
1005 3983 1146 4064 toa).1ta
1171 3987 1221 4042 vix
1242 3987 1302 4043 ullo
1325 4006 1410 4043 sensu
1429 3988 1455 4041 in

409 4081 474 4137 edd.
494 4080 615 4158 legitnr3
631 4079 814 4138 scribendum
833 4091 895 4138 erat
907 4099 974 4137 cum
994 4079 1121 4136 Barclaio
1137 4101 1145 4134 ε
1160 4091 1318 4155 cognatave
1341 4081 1389 4148 T„
1412 4091 1454 4134 at-
