3206 5136
422 590 479 646 290
796 569 1096 626 surorsrrouss

421 687 512 744 Simili
532 686 635 756 modo,
652 684 781 760 perrexit
797 684 918 756 Statius,
932 685 1063 756 Athene,
1084 687 1205 760 Smyrna
1219 688 1263 741 vel
1283 688 1388 761 queris
1405 689 1467 743 illa·

421 799 485 836 rum
498 779 615 836 urbium
630 777 799 834 certantium
813 778 894 853 apud
911 797 942 835 se
954 789 1055 835 uatum
1070 795 1130 835 esse
1144 779 1325 836 contendunt

526 927 676 989 Maeoniden,
687 927 789 996 elinque
800 928 853 980 eliis
867 928 987 980 natalibus
994 939 1056 980 artes

529 1013 664 1081 Diripiunt.

420 1162 465 1214 lta
483 1158 575 1226 enim,
596 1157 738 1232 aliisque,
758 1154 845 1212 codd.
866 1166 896 1212 et
915 1155 1002 1226 edd.;
1020 1157 1107 1230 plane
1128 1155 1233 1232 ignoro
1254 1156 1332 1214 unde
1351 1157 1382 1214 iu
1398 1157 1467 1215 hanc

420 1253 464 1307 ed.
475 1250 585 1308 venerit
594 1273 607 1300 a
615 1248 675 1306 alise
689 1259 777 1323 atque
792 1248 886 1304 aliis.»
900 1248 983 1305 Istud
1000 1249 1102 1304 Moeon
1115 1261 1158 1315 et,
1173 1249 1239 1306 licet
1251 1249 1398 1308 Gronorio
1411 1269 1467 1307 non

419 1344 628 1419 improbatum,
644 1359 716 1398 vero
730 1359 815 1399 sensu
833 1341 950 1398 detecto
968 1351 1088 1416 apparet
1105 1359 1193 1415 quiam
1211 1341 1247 1397 sit
1266 1343 1430 1400 absurdum.

460 1438 525 1493 Alie
536 1435 627 1494 uicem
637 1435 770 1490 humanu
776 1433 961 1510 gloriosolsi
971 1431 1009 1511 (r.
1024 1432 1101 1510 132).
1115 1435 1184 1490 Non
1193 1435 1265 1490 male
1276 1453 1293 1490 a
1307 1435 1374 1492 edd.
1387 1446 1466 1492 vett:

419 1544 448 1586 et
464 1531 568 1589 ἱπαπὶε,
583 1529 712 1604 Sequens
726 1528 767 1583 ibi
779 1527 816 1584 de
829 1527 953 1600 Neapoli
966 1526 1193 1602 intelligendum,
1208 1530 1243 1584 V.
1257 1530 1375 1586 Maur..

460 1623 503 1678 Sit
508 1639 633 1697 pronum
647 1621 752 1676 uicisse
765 1616 804 1697 (r.
823 1627 875 1686 rit
892 1617 957 1696 sq.).
973 1620 1063 1674 Recte
1071 1621 1215 1690 Gronov„
1229 1637 1258 1692 p.
1275 1620 1332 1692 367
1349 1621 1466 1678 :'«Dicst

420 1733 486 1772 sane
500 1713 603 1790 uliquis
615 1731 742 1788 pronum
756 1731 815 1770 esse
830 1729 862 1768 ac
875 1711 958 1768 facile
972 1712 1026 1767 sub
1041 1711 1204 1768 domesticis
1224 1712 1372 1784 judicibus
1384 1733 1464 1770 eoro-

419 1827 471 1865 nas
483 1807 587 1864 mereri
600 1827 608 1862 :
622 1806 696 1881 quid
707 1823 778 1862 vero
797 1803 918 1862 habebit
936 1803 1062 1875 invidia,
1075 1821 1136 1879 quo
1149 1805 1321 1862 admordeat
1334 1807 1464 1874 achaicas,

420 1901 563 1977 pythicas,
577 1915 705 1968 nemeas,
718 1897 861 1956 isthmicas
874 1896 1010 1954 victorias
1024 1897 1130 1954 tussi»

464 1995 503 2049 Tu
513 2009 574 2069 par
587 2003 716 2048 escuem
736 1993 861 2048 Honeero
883 1988 922 2069 (v.
942 1989 997 2065 159
1011 1989 1096 2067 sqq.).
1120 1991 1198 2047 «Ille
1217 1991 1337 2048 heroico
1351 1991 1464 2048 carmine

420 2087 578 2156 scribebat,
596 2097 629 2142 tn
641 2086 742 2141 solutis
759 2084 890 2152 uocibus,
906 2083 924 2140 i
940 2103 965 2140 e.
979 2101 1081 2158 prosa,
1103 2101 1169 2140 eum
1185 2083 1319 2158 equabus
1339 2095 1367 2140 et
1376 2086 1464 2158 passi-

420 2181 470 2236 bus
482 2181 573 2255 eequis
586 2177 785 2247 comitaberis,
801 2195 856 2234 nec
868 2195 957 2251 prosa
970 2187 1020 2233 tua
1034 2177 1209 2249 majestatem
1222 2177 1355 2234 caminis
1368 2177 1463 2234 lione·

419 2273 472 2329 rici
484 2271 642 2328 rninuebas.
657 2269 773 2343 Optime
786 2271 846 2326 haec
861 2270 986 2343 explicat
1006 2267 1156 2338 Rulfinns,
1170 2271 1207 2325 de
1222 2269 1355 2345 Compos.
1369 2283 1398 2327 et
1412 2289 1463 2326 mc-

421 2367 470 2422 tn's
488 2376 632 2422 amionem
639 2402 648 2430 ,
663 2381 691 2418 r.
707 2381 725 2434 9
741 2381 748 2415 τ

562 2512 674 2579 Optimus
686 2520 767 2562 orator
779 2509 887 2578 sequitur
899 2510 994 2561 ratione
1007 2520 1101 2580 poetas,

561 2599 685 2662 Cognatus
698 2595 787 2645 virtute
799 2611 856 2656 ωας
868 2603 1022 2662 metrumque
1035 2611 1153 2654 recusans,

563 2679 610 2730 ttic
623 2695 722 2745 quoque
731 2679 784 2728 vult
797 2678 905 2728 numeris
916 2693 987 2729 voces
997 2677 1094 2728 itenere
1108 2688 1227 2746 ragentes.

420 2814 494 2868 Rem
506 2821 603 2868 autem
616 2809 724 2885 optime
739 2791 872 2884 exprimit
886 2811 1009 2882 Seneca,
1025 2809 1137 2866 Consul.
1151 2811 1193 2864 od
1210 2811 1328 2884 Polyb,
1343 2830 1367 2868 c.
1389 2831 1443 2870 xxx
1459 2833 1466 2868 e

420 2930 432 2954 ι
440 2903 572 2982 Agedum
580 2903 628 2959 illa
637 2923 701 2978 quse
707 2904 799 2960 multo
808 2901 916 2979 ingenii
925 2902 1075 2960 tuilabore
1089 2904 1231 2959 celebrata
1240 2913 1322 2976 sunt,
1334 2903 1467 2962 inmanus

420 2995 612 3072 sume,utrius
618 2995 688 3052 libet
699 2995 825 3052 auctoris
837 2995 976 3052 carmina:
988 3015 1052 3072 quae
1062 3007 1094 3053 tu
1104 2996 1143 3052 ita
1150 2995 1304 3068 resolvisti,
1314 3006 1363 3068 ut,
1377 3017 1468 3072 quam·

420 3088 462 3144 vis
475 3099 618 3146 structura
635 3089 750 3145 illorum
764 3089 924 3159 recesserit,
938 3100 1105 3164 permaneat
1118 3100 1212 3146 tamen
1226 3091 1328 3165 gratia
1336 3091 1385 3150 Sic
1399 3092 1468 3148 enim

419 3180 466 3238 illa
479 3199 516 3238 ex
527 3181 582 3238 alia
596 3181 693 3256 lingua
706 3180 736 3236 in
750 3180 834 3240 aliam
849 3181 1031 3254 transtulisti,
1042 3192 1076 3238 ut
1089 3179 1184 3260 (quod
1195 3180 1397 3240 difficillimum
1404 3183 1467 3257 erat}

420 3292 518 3329 omnes
531 3273 650 3332 virtutes
664 3275 694 3329 in
708 3273 829 3332 alienam
842 3285 871 3330 te
885 3273 1046 3341 orationem
1060 3285 1162 3332 secutae
1176 3273 1241 3331 sint.
1257 3299 1270 3324 u
1285 3277 1405 3332 Maxu.

464 3367 569 3444 fenera·
584 3368 707 3442 plorata
729 3367 830 3422 domus
850 3364 888 3442 (v.
913 3365 1275 3444 164).v«1„avinium,ubi
1297 3379 1380 3424 eram
1401 3369 1467 3424 adet

420 3456 540 3514 Veneris
565 3456 724 3513 communis
743 3457 853 3514 nomini
873 3457 977 3528 latin03
992 3461 1111 3532 ploruta
1133 3459 1172 3514 ob
1194 3459 1313 3516 AEneam
1335 3459 1424 3516 lilium
1441 3461 1467 3514 in

421 3547 556 3603 Numicio
570 3565 703 3604 mersum.
718 3572 731 3599 s
745 3551 859 3606 Doutr.
875 3548 957 3606 Idem
970 3552 1130 3626 neglectam
1146 3552 1272 3606 tellurem
1289 3552 1403 3608 Alcatae
1419 3569 1466 3607 ex-

420 3640 508 3714 plicat
522 3640 720 3714 Campaniam,
734 3640 786 3697 ubi
800 3640 875 3698 inter
888 3641 1031 3698 Misenum
1053 3654 1082 3699 et
1098 3645 1235 3700 Puteolos
1248 3653 1327 3700 terra
1339 3664 1360 3700 s
1375 3647 1466 3698 tellure

420 3733 551 3808 neglecta
564 3751 697 3810 aggerem
717 3733 747 3790 in
761 3734 903 3790 exteriore
916 3737 1019 3810 pelago
1033 3736 1137 3792 struxit
1153 3736 1252 3812 ibique
1267 3737 1395 3792 traduxit
1413 3738 1465 3792 bo-

420 3841 477 3880 res.
492 3824 595 3881 Markl.
611 3845 619 3881 t
637 3827 800 3902 dilectaque
813 3839 833 3884 t.
851 3830 905 3906 A„
920 3829 1025 3884 Baulos
1038 3827 1179 3903 oppidum
1193 3828 1361 3904 intelligens.

461 3917 516 3973 Sat
529 3928 558 3972 te
574 3918 740 3974 Dardanius
753 3917 791 3995 (v.
811 3918 865 3990 178
880 3916 944 3996 sep).
958 3919 1095 3996 Intelligit
1108 3920 1353 3995 quindecimviros
1374 3939 1465 3976 sacro-

420 4027 498 4078 rum,
512 4007 564 4082 qui
578 4011 735 4066 Palladium
749 4023 871 4067 servant.

461 4101 650 4176 Lustmtaque
667 4105 769 4178 Tempe
782 4101 821 4182 (v.
839 4101 916 4178 209).
931 4103 1035 4160 Mariti.
1051 4124 1058 4158 :
1073 4117 1302 4180 rnoustrataque,
1318 4105 1377 4173 vel,
1392 4099 1465 4176 quod

420 4190 508 4266 magis
522 4185 827 4270 probat‚'trscrmaque.
840 4194 912 4252 Cod.
926 4193 1069 4270 lihedig.:
1085 4196 1230 4270 iactaque,
1240 4195 1264 4251 ·i.
1275 4215 1299 4250 e.
1310 4195 1464 4270 ignotoque.
