<?xml version="1.0" encoding="UTF-8"?>
<!DOCTYPE html PUBLIC "-//W3C//DTD XHTML 1.0 Transitional//EN"
    "http://www.w3.org/TR/xhtml1/DTD/xhtml1-transitional.dtd">
<html xmlns="http://www.w3.org/1999/xhtml" xml:lang="en" lang="en">
 <head>
  <title>
</title>
<meta http-equiv="Content-Type" content="text/html;charset=utf-8" />
  <meta name='ocr-system' content='tesseract 3.04.00' />
  <meta name='ocr-capabilities' content='ocr_page ocr_carea ocr_par ocr_line ocrx_word'/>
</head>
<body>
  <div class='ocr_page' id='page_1' title='image "./operaquaeextant00dbgoog_0256.png"; bbox 0 0 3200 5142; ppageno 0'>
   <div class='ocr_carea' id='block_1_1' title="bbox 194 417 931 489">
    <p class='ocr_par' dir='ltr' id='par_1_1' title="bbox 194 417 931 489">
     <span class='ocr_line' id='line_1_1' title="bbox 194 417 931 489; baseline 0.004 -15"><span class='ocrx_word' id='word_1_1' title='bbox 194 429 228 489; x_wconf 73' lang='lat' dir='ltr'><strong>(v.</strong></span> <span class='ocrx_word' id='word_1_2' title='bbox 240 425 311 487; x_wconf 80' lang='lat' dir='ltr'><strong>sss.)</strong></span> <span class='ocrx_word' id='word_1_3' title='bbox 512 417 728 476; x_wconf 78' lang='lat' dir='ltr'><strong>mtunutuos</strong></span> <span class='ocrx_word' id='word_1_4' title='bbox 749 418 860 477; x_wconf 75' lang='lat' dir='ltr'><strong>uisse</strong></span> <span class='ocrx_word' id='word_1_5' title='bbox 881 421 931 478; x_wconf 88' lang='lat' dir='ltr'><strong>ttt</strong></span> 
     </span>
    </p>
   </div>
   <div class='ocr_carea' id='block_1_2' title="bbox 186 546 1248 4168">
    <p class='ocr_par' dir='ltr' id='par_1_2' title="bbox 195 546 1041 646">
     <span class='ocr_line' id='line_1_2' title="bbox 195 546 1041 646; baseline -0.009 -25"><span class='ocrx_word' id='word_1_6' title='bbox 195 550 351 646; x_wconf 87' lang='lat' dir='ltr'><strong>Bebrycii</strong></span> <span class='ocrx_word' id='word_1_7' title='bbox 368 549 536 636; x_wconf 81' lang='lat' dir='ltr'><strong>nemoris3</strong></span> <span class='ocrx_word' id='word_1_8' title='bbox 557 572 619 618; x_wconf 88' lang='lat' dir='ltr'><strong>noc</strong></span> <span class='ocrx_word' id='word_1_9' title='bbox 635 547 728 641; x_wconf 81' lang='lat' dir='ltr'><strong>jussa</strong></span> <span class='ocrx_word' id='word_1_10' title='bbox 748 547 884 635; x_wconf 90' lang='lat' dir='ltr'><strong>incuso,</strong></span> <span class='ocrx_word' id='word_1_11' title='bbox 905 546 1041 645; x_wconf 80' lang='lat' dir='ltr'><strong>pigetve</strong></span> 
     </span>
    </p>

    <p class='ocr_par' dir='ltr' id='par_1_3' title="bbox 197 667 1077 890">
     <span class='ocr_line' id='line_1_3' title="bbox 197 667 1077 766; baseline -0.01 -23"><span class='ocrx_word' id='word_1_12' title='bbox 197 671 336 743; x_wconf 88' lang='lat' dir='ltr'><strong>Officii:</strong></span> <span class='ocrx_word' id='word_1_13' title='bbox 352 671 452 766; x_wconf 78' lang='lat' dir='ltr'><strong>juvat</strong></span> <span class='ocrx_word' id='word_1_14' title='bbox 470 671 551 756; x_wconf 87' lang='lat' dir='ltr'><strong>isse,</strong></span> <span class='ocrx_word' id='word_1_15' title='bbox 566 669 682 763; x_wconf 81' lang='lat' dir='ltr'><strong>juvet,</strong></span> <span class='ocrx_word' id='word_1_16' title='bbox 701 667 901 762; x_wconf 72' lang='lat' dir='ltr'><strong>Thebasque</strong></span> <span class='ocrx_word' id='word_1_17' title='bbox 917 681 1077 739; x_wconf 80' lang='lat' dir='ltr'><strong>nocentes</strong></span> 
     </span>
     <span class='ocr_line' id='line_1_4' title="bbox 197 787 1041 890; baseline -0.009 -24"><span class='ocrx_word' id='word_1_18' title='bbox 197 793 398 890; x_wconf 85' lang='lat' dir='ltr'><strong>Explornsse</strong></span> <span class='ocrx_word' id='word_1_19' title='bbox 420 816 523 862; x_wconf 77' lang='lat' dir='ltr'><strong>manu</strong></span> <span class='ocrx_word' id='word_1_20' title='bbox 541 788 656 862; x_wconf 89' lang='lat' dir='ltr'><strong>:bello</strong></span> <span class='ocrx_word' id='word_1_21' title='bbox 677 813 750 877; x_wconf 86' lang='lat' dir='ltr'><strong>tue,</strong></span> <span class='ocrx_word' id='word_1_22' title='bbox 770 788 911 878; x_wconf 79' lang='lat' dir='ltr'><strong>credite,</strong></span> <span class='ocrx_word' id='word_1_23' title='bbox 930 787 1041 874; x_wconf 90' lang='lat' dir='ltr'><strong>bello,</strong></span> 
     </span>
    </p>

    <p class='ocr_par' dir='ltr' id='par_1_4' title="bbox 195 909 1200 1128">
     <span class='ocr_line' id='line_1_5' title="bbox 196 909 1200 1005; baseline -0.015 -17"><span class='ocrx_word' id='word_1_24' title='bbox 196 920 269 988; x_wconf 91' lang='lat' dir='ltr'><strong>Ceu</strong></span> <span class='ocrx_word' id='word_1_25' title='bbox 289 913 410 985; x_wconf 83' lang='lat' dir='ltr'><strong>turrim</strong></span> <span class='ocrx_word' id='word_1_26' title='bbox 427 912 590 999; x_wconf 79' lang='lat' dir='ltr'><strong>validum,</strong></span> <span class='ocrx_word' id='word_1_27' title='bbox 605 925 665 983; x_wconf 83' lang='lat' dir='ltr'><strong>aut</strong></span> <span class='ocrx_word' id='word_1_28' title='bbox 683 925 809 983; x_wconf 82' lang='lat' dir='ltr'><strong>orcum</strong></span> <span class='ocrx_word' id='word_1_29' title='bbox 826 911 1045 1005; x_wconf 81' lang='lat' dir='ltr'><strong>compagibus</strong></span> <span class='ocrx_word' id='word_1_30' title='bbox 1062 909 1200 992; x_wconf 86' lang='lat' dir='ltr'><strong>urbem,</strong></span> 
     </span>
     <span class='ocr_line' id='line_1_6' title="bbox 195 1032 1011 1128; baseline -0.007 -21"><span class='ocrx_word' id='word_1_31' title='bbox 195 1036 329 1108; x_wconf 88' lang='lat' dir='ltr'><strong>Delecti</strong></span> <span class='ocrx_word' id='word_1_32' title='bbox 348 1034 477 1106; x_wconf 73' lang='lat' dir='ltr'>insidiis</span> <span class='ocrx_word' id='word_1_33' title='bbox 492 1033 714 1128; x_wconf 75' lang='lat' dir='ltr'><strong>instructique</strong></span> <span class='ocrx_word' id='word_1_34' title='bbox 733 1032 890 1108; x_wconf 87' lang='lat' dir='ltr'><strong>omnibus</strong></span> <span class='ocrx_word' id='word_1_35' title='bbox 909 1033 1011 1104; x_wconf 82' lang='lat' dir='ltr'><strong>ermis</strong></span> 
     </span>
    </p>

    <p class='ocr_par' dir='ltr' id='par_1_5' title="bbox 195 1151 1123 1372">
     <span class='ocr_line' id='line_1_7' title="bbox 196 1151 1123 1251; baseline -0.004 -23"><span class='ocrx_word' id='word_1_36' title='bbox 196 1159 306 1228; x_wconf 87' lang='lat' dir='ltr'><strong>Nocte</strong></span> <span class='ocrx_word' id='word_1_37' title='bbox 325 1155 472 1251; x_wconf 87' lang='lat' dir='ltr'><strong>doloque</strong></span> <span class='ocrx_word' id='word_1_38' title='bbox 492 1155 558 1224; x_wconf 86' lang='lat' dir='ltr'><strong>viri</strong></span> <span class='ocrx_word' id='word_1_39' title='bbox 577 1153 705 1226; x_wconf 90' lang='lat' dir='ltr'><strong>nudum</strong></span> <span class='ocrx_word' id='word_1_40' title='bbox 724 1153 949 1249; x_wconf 85' lang='lat' dir='ltr'><strong>ignarumque</strong></span> <span class='ocrx_word' id='word_1_41' title='bbox 970 1151 1123 1230; x_wconf 82' lang='lat' dir='ltr'><strong>locorum</strong></span> 
     </span>
     <span class='ocr_line' id='line_1_8' title="bbox 195 1274 1106 1372; baseline 0 -24"><span class='ocrx_word' id='word_1_42' title='bbox 195 1278 432 1372; x_wconf 79' lang='lat' dir='ltr'><strong>Nequioqunm</strong></span> <span class='ocrx_word' id='word_1_43' title='bbox 450 1274 600 1350; x_wconf 83' lang='lat' dir='ltr'><strong>clausere¹</strong></span> <span class='ocrx_word' id='word_1_44' title='bbox 617 1276 751 1370; x_wconf 80' lang='lat' dir='ltr'><strong>:jacent</strong></span> <span class='ocrx_word' id='word_1_45' title='bbox 771 1277 807 1350; x_wconf 90' lang='lat' dir='ltr'><strong>iu</strong></span> <span class='ocrx_word' id='word_1_46' title='bbox 827 1275 991 1371; x_wconf 82' lang='lat' dir='ltr'><strong>sanguine</strong></span> <span class='ocrx_word' id='word_1_47' title='bbox 1010 1275 1106 1349; x_wconf 83' lang='lat' dir='ltr'><strong>mixti</strong></span> 
     </span>
    </p>

    <p class='ocr_par' dir='ltr' id='par_1_6' title="bbox 192 1397 1248 1980">
     <span class='ocr_line' id='line_1_9' title="bbox 195 1397 1246 1493; baseline -0.004 -25"><span class='ocrx_word' id='word_1_48' title='bbox 195 1404 285 1468; x_wconf 78' lang='lat' dir='ltr'><strong>Ante</strong></span> <span class='ocrx_word' id='word_1_49' title='bbox 307 1398 426 1470; x_wconf 90' lang='lat' dir='ltr'><strong>urbem</strong></span> <span class='ocrx_word' id='word_1_50' title='bbox 447 1421 610 1484; x_wconf 75' lang='lat' dir='ltr'><strong>vucuntn3</strong></span> <span class='ocrx_word' id='word_1_51' title='bbox 628 1421 719 1469; x_wconf 88' lang='lat' dir='ltr'><strong>nunc</strong></span> <span class='ocrx_word' id='word_1_52' title='bbox 740 1421 776 1484; x_wconf 88' lang='lat' dir='ltr'><strong>o,</strong></span> <span class='ocrx_word' id='word_1_53' title='bbox 800 1421 894 1469; x_wconf 91' lang='lat' dir='ltr'><strong>nunc</strong></span> <span class='ocrx_word' id='word_1_54' title='bbox 914 1411 1048 1493; x_wconf 89' lang='lat' dir='ltr'><strong>tempus</strong></span> <span class='ocrx_word' id='word_1_55' title='bbox 1066 1398 1101 1469; x_wconf 96' lang='lat' dir='ltr'><strong>in</strong></span> <span class='ocrx_word' id='word_1_56' title='bbox 1119 1397 1246 1484; x_wconf 84' lang='lat' dir='ltr'><strong>hostes,</strong></span> 
     </span>
     <span class='ocr_line' id='line_1_10' title="bbox 194 1517 1248 1615; baseline -0.003 -26"><span class='ocrx_word' id='word_1_57' title='bbox 194 1523 287 1589; x_wconf 87' lang='lat' dir='ltr'><strong>Dum</strong></span> <span class='ocrx_word' id='word_1_58' title='bbox 304 1519 447 1614; x_wconf 78' lang='lat' dir='ltr'><strong>trepidi,</strong></span> <span class='ocrx_word' id='word_1_59' title='bbox 465 1543 719 1615; x_wconf 76' lang='lat' dir='ltr'><strong>exsanguesque</strong></span> <span class='ocrx_word' id='word_1_60' title='bbox 732 1533 840 1608; x_wconf 90' lang='lat' dir='ltr'><strong>metu,</strong></span> <span class='ocrx_word' id='word_1_61' title='bbox 855 1517 936 1590; x_wconf 90' lang='lat' dir='ltr'><strong>dum</strong></span> <span class='ocrx_word' id='word_1_62' title='bbox 958 1519 1076 1596; x_wconf 82' lang='lat' dir='ltr'><strong>lunera</strong></span> <span class='ocrx_word' id='word_1_63' title='bbox 1091 1532 1248 1613; x_wconf 82' lang='lat' dir='ltr'><strong>portant3</strong></span> 
     </span>
     <span class='ocr_line' id='line_1_11' title="bbox 194 1638 1197 1737; baseline -0.002 -27"><span class='ocrx_word' id='word_1_64' title='bbox 194 1644 289 1711; x_wconf 88' lang='lat' dir='ltr'><strong>Dum</strong></span> <span class='ocrx_word' id='word_1_65' title='bbox 307 1638 429 1736; x_wconf 86' lang='lat' dir='ltr'><strong>capulo</strong></span> <span class='ocrx_word' id='word_1_66' title='bbox 449 1639 601 1716; x_wconf 85' lang='lat' dir='ltr'><strong>nondum</strong></span> <span class='ocrx_word' id='word_1_67' title='bbox 617 1664 739 1712; x_wconf 84' lang='lat' dir='ltr'><strong>monus</strong></span> <span class='ocrx_word' id='word_1_68' title='bbox 758 1641 901 1712; x_wconf 84' lang='lat' dir='ltr'><strong>excidit:</strong></span> <span class='ocrx_word' id='word_1_69' title='bbox 922 1641 993 1737; x_wconf 90' lang='lat' dir='ltr'><strong>ipse</strong></span> <span class='ocrx_word' id='word_1_70' title='bbox 1011 1666 1073 1736; x_wconf 83' lang='lat' dir='ltr'><strong>ego</strong></span> <span class='ocrx_word' id='word_1_71' title='bbox 1091 1638 1197 1709; x_wconf 84' lang='lat' dir='ltr'><strong>lessus</strong></span> 
     </span>
     <span class='ocr_line' id='line_1_12' title="bbox 193 1760 1086 1858; baseline -0.003 -26"><span class='ocrx_word' id='word_1_72' title='bbox 193 1762 452 1858; x_wconf 80' lang='lat' dir='ltr'><strong>Quinquaginta</strong></span> <span class='ocrx_word' id='word_1_73' title='bbox 469 1760 534 1832; x_wconf 89' lang='lat' dir='ltr'><strong>illis</strong></span> <span class='ocrx_word' id='word_1_74' title='bbox 555 1762 698 1835; x_wconf 87' lang='lat' dir='ltr'><strong>heroum</strong></span> <span class='ocrx_word' id='word_1_75' title='bbox 718 1763 923 1834; x_wconf 83' lang='lat' dir='ltr'><strong>immanibus</strong></span> <span class='ocrx_word' id='word_1_76' title='bbox 942 1763 1086 1848; x_wconf 86' lang='lat' dir='ltr'><strong>umbris,</strong></span> 
     </span>
     <span class='ocr_line' id='line_1_13' title="bbox 192 1882 1063 1980; baseline 0 -28"><span class='ocrx_word' id='word_1_77' title='bbox 192 1882 414 1978; x_wconf 82' lang='lat' dir='ltr'><strong>Vulneraque</strong></span> <span class='ocrx_word' id='word_1_78' title='bbox 432 1886 494 1954; x_wconf 80' lang='lat' dir='ltr'><strong>ista</strong></span> <span class='ocrx_word' id='word_1_79' title='bbox 512 1883 621 1955; x_wconf 84' lang='lat' dir='ltr'><strong>ferens</strong></span> <span class='ocrx_word' id='word_1_80' title='bbox 639 1886 732 1980; x_wconf 85' lang='lat' dir='ltr'><strong>putri</strong></span> <span class='ocrx_word' id='word_1_81' title='bbox 750 1886 909 1958; x_wconf 79' lang='lat' dir='ltr'><strong>insiccata</strong></span> <span class='ocrx_word' id='word_1_82' title='bbox 925 1910 1063 1968; x_wconf 88' lang='lat' dir='ltr'><strong>cruore,</strong></span> 
     </span>
    </p>

    <p class='ocr_par' dir='ltr' id='par_1_7' title="bbox 191 2004 1083 2222">
     <span class='ocr_line' id='line_1_14' title="bbox 191 2004 1083 2101; baseline -0.003 -26"><span class='ocrx_word' id='word_1_83' title='bbox 191 2007 352 2075; x_wconf 79' lang='lat' dir='ltr'><strong>Protinus</strong></span> <span class='ocrx_word' id='word_1_84' title='bbox 372 2005 422 2075; x_wconf 91' lang='lat' dir='ltr'><strong>ire</strong></span> <span class='ocrx_word' id='word_1_85' title='bbox 443 2019 560 2101; x_wconf 74' lang='lat' dir='ltr'><strong>pcto.»</strong></span> <span class='ocrx_word' id='word_1_86' title='bbox 577 2004 715 2100; x_wconf 84' lang='lat' dir='ltr'><strong>Trepidi</strong></span> <span class='ocrx_word' id='word_1_87' title='bbox 733 2004 775 2076; x_wconf 92' lang='lat' dir='ltr'><strong>de</strong></span> <span class='ocrx_word' id='word_1_88' title='bbox 795 2004 930 2076; x_wconf 86' lang='lat' dir='ltr'><strong>sedibus</strong></span> <span class='ocrx_word' id='word_1_89' title='bbox 949 2005 1083 2082; x_wconf 78' lang='lat' dir='ltr'><strong>adstant</strong></span> 
     </span>
     <span class='ocr_line' id='line_1_15' title="bbox 191 2126 1024 2222; baseline 0 -26"><span class='ocrx_word' id='word_1_90' title='bbox 191 2126 379 2216; x_wconf 79' lang='lat' dir='ltr'><strong>Inachidae3</strong></span> <span class='ocrx_word' id='word_1_91' title='bbox 397 2128 595 2222; x_wconf 90' lang='lat' dir='ltr'><strong>cunctisque</strong></span> <span class='ocrx_word' id='word_1_92' title='bbox 614 2127 708 2222; x_wconf 89' lang='lat' dir='ltr'><strong>prior</strong></span> <span class='ocrx_word' id='word_1_93' title='bbox 725 2126 906 2204; x_wconf 81' lang='lat' dir='ltr'><strong>Cadmeius</strong></span> <span class='ocrx_word' id='word_1_94' title='bbox 926 2129 1024 2199; x_wconf 88' lang='lat' dir='ltr'><strong>heros</strong></span> 
     </span>
    </p>

    <p class='ocr_par' dir='ltr' id='par_1_8' title="bbox 191 2246 1065 2342">
     <span class='ocr_line' id='line_1_16' title="bbox 191 2246 1065 2342; baseline -0.002 -24"><span class='ocrx_word' id='word_1_95' title='bbox 191 2249 352 2318; x_wconf 83' lang='lat' dir='ltr'><strong>Accurrit</strong></span> <span class='ocrx_word' id='word_1_96' title='bbox 368 2246 502 2318; x_wconf 87' lang='lat' dir='ltr'><strong>vultum</strong></span> <span class='ocrx_word' id='word_1_97' title='bbox 519 2247 690 2342; x_wconf 87' lang='lat' dir='ltr'><strong>dejectus,</strong></span> <span class='ocrx_word' id='word_1_98' title='bbox 711 2261 769 2335; x_wconf 89' lang='lat' dir='ltr'><strong>et,</strong></span> <span class='ocrx_word' id='word_1_99' title='bbox 788 2251 868 2318; x_wconf 72' lang='lat' dir='ltr'><strong>«En</strong></span> <span class='ocrx_word' id='word_1_100' title='bbox 888 2269 951 2339; x_wconf 81' lang='lat' dir='ltr'><strong>ego</strong></span> <span class='ocrx_word' id='word_1_101' title='bbox 970 2249 1065 2326; x_wconf 84' lang='lat' dir='ltr'><strong>Divis</strong></span> 
     </span>
    </p>

    <p class='ocr_par' dir='ltr' id='par_1_9' title="bbox 192 2366 1038 2472">
     <span class='ocr_line' id='line_1_17' title="bbox 192 2366 1038 2472; baseline 0 -34"><span class='ocrx_word' id='word_1_102' title='bbox 192 2371 342 2458; x_wconf 89' lang='lat' dir='ltr'><strong>Invisus,</strong></span> <span class='ocrx_word' id='word_1_103' title='bbox 359 2370 503 2462; x_wconf 76' lang='lat' dir='ltr'><strong>viteque</strong></span> <span class='ocrx_word' id='word_1_104' title='bbox 519 2393 667 2456; x_wconf 89' lang='lat' dir='ltr'><strong>nocens,</strong></span> <span class='ocrx_word' id='word_1_105' title='bbox 688 2368 759 2444; x_wconf 80' lang='lat' dir='ltr'><strong>hoec</strong></span> <span class='ocrx_word' id='word_1_106' title='bbox 778 2366 917 2472; x_wconf 70' lang='lat' dir='ltr'><strong>pulnere</strong></span> <span class='ocrx_word' id='word_1_107' title='bbox 935 2391 1038 2440; x_wconf 83' lang='lat' dir='ltr'><strong>cerno</strong></span> 
     </span>
    </p>

    <p class='ocr_par' dir='ltr' id='par_1_10' title="bbox 190 2489 1125 2586">
     <span class='ocr_line' id='line_1_18' title="bbox 190 2489 1125 2586; baseline -0.002 -26"><span class='ocrx_word' id='word_1_108' title='bbox 190 2489 349 2586; x_wconf 76' lang='lat' dir='ltr'><strong>Integer?</strong></span> <span class='ocrx_word' id='word_1_109' title='bbox 368 2491 473 2561; x_wconf 87' lang='lat' dir='ltr'><strong>hosne</strong></span> <span class='ocrx_word' id='word_1_110' title='bbox 492 2490 575 2562; x_wconf 90' lang='lat' dir='ltr'><strong>mihi</strong></span> <span class='ocrx_word' id='word_1_111' title='bbox 595 2489 744 2578; x_wconf 89' lang='lat' dir='ltr'><strong>reditus,</strong></span> <span class='ocrx_word' id='word_1_112' title='bbox 764 2514 944 2586; x_wconf 83' lang='lat' dir='ltr'><strong>germane,</strong></span> <span class='ocrx_word' id='word_1_113' title='bbox 961 2491 1125 2586; x_wconf 76' lang='lat' dir='ltr'><strong>parabas?</strong></span> 
     </span>
    </p>

    <p class='ocr_par' dir='ltr' id='par_1_11' title="bbox 191 2609 1068 2706">
     <span class='ocr_line' id='line_1_19' title="bbox 191 2609 1068 2706; baseline -0.001 -24"><span class='ocrx_word' id='word_1_114' title='bbox 191 2616 232 2682; x_wconf 93' lang='lat' dir='ltr'><strong>In</strong></span> <span class='ocrx_word' id='word_1_115' title='bbox 253 2637 307 2681; x_wconf 91' lang='lat' dir='ltr'><strong>me</strong></span> <span class='ocrx_word' id='word_1_116' title='bbox 322 2614 392 2681; x_wconf 85' lang='lat' dir='ltr'><strong>haec</strong></span> <span class='ocrx_word' id='word_1_117' title='bbox 413 2609 479 2682; x_wconf 85' lang='lat' dir='ltr'><strong>tela</strong></span> <span class='ocrx_word' id='word_1_118' title='bbox 496 2609 619 2686; x_wconf 80' lang='lat' dir='ltr'><strong>dabas?</strong></span> <span class='ocrx_word' id='word_1_119' title='bbox 640 2636 703 2706; x_wconf 84' lang='lat' dir='ltr'><strong>pro</strong></span> <span class='ocrx_word' id='word_1_120' title='bbox 723 2612 800 2685; x_wconf 80' lang='lat' dir='ltr'><strong>vitae</strong></span> <span class='ocrx_word' id='word_1_121' title='bbox 820 2611 907 2685; x_wconf 81' lang='lat' dir='ltr'>foeda</span> <span class='ocrx_word' id='word_1_122' title='bbox 927 2609 1068 2706; x_wconf 82' lang='lat' dir='ltr'><strong>cupido!</strong></span> 
     </span>
    </p>

    <p class='ocr_par' dir='ltr' id='par_1_12' title="bbox 189 2713 990 2828">
     <span class='ocr_line' id='line_1_20' title="bbox 189 2713 990 2828; baseline 0 -26"><span class='ocrx_word' id='word_1_123' title='bbox 189 2730 332 2821; x_wconf 85' lang='lat' dir='ltr'><strong>Infelix,</strong></span> <span class='ocrx_word' id='word_1_124' title='bbox 353 2732 484 2804; x_wconf 81' lang='lat' dir='ltr'><strong>lacinus</strong></span> <span class='ocrx_word' id='word_1_125' title='bbox 496 2713 601 2802; x_wconf 80' lang='lat' dir='ltr'><strong>¹fratri</strong></span> <span class='ocrx_word' id='word_1_126' title='bbox 622 2743 691 2803; x_wconf 84' lang='lat' dir='ltr'><strong>tam</strong></span> <span class='ocrx_word' id='word_1_127' title='bbox 710 2732 837 2828; x_wconf 83' lang='lat' dir='ltr'><strong>grande</strong></span> <span class='ocrx_word' id='word_1_128' title='bbox 859 2735 990 2828; x_wconf 82' lang='lat' dir='ltr'><strong>negavi.</strong></span> 
     </span>
    </p>

    <p class='ocr_par' dir='ltr' id='par_1_13' title="bbox 189 2850 1095 3064">
     <span class='ocr_line' id='line_1_21' title="bbox 189 2850 1095 2948; baseline 0 -24"><span class='ocrx_word' id='word_1_129' title='bbox 189 2857 234 2924; x_wconf 90' lang='lat' dir='ltr'><strong>Et</strong></span> <span class='ocrx_word' id='word_1_130' title='bbox 254 2877 345 2923; x_wconf 92' lang='lat' dir='ltr'><strong>nunc</strong></span> <span class='ocrx_word' id='word_1_131' title='bbox 363 2867 472 2924; x_wconf 83' lang='lat' dir='ltr'><strong>vestra</strong></span> <span class='ocrx_word' id='word_1_132' title='bbox 489 2850 625 2946; x_wconf 87' lang='lat' dir='ltr'><strong>quidem</strong></span> <span class='ocrx_word' id='word_1_133' title='bbox 642 2867 803 2928; x_wconf 86' lang='lat' dir='ltr'><strong>muueent</strong></span> <span class='ocrx_word' id='word_1_134' title='bbox 824 2854 859 2922; x_wconf 92' lang='lat' dir='ltr'><strong>in</strong></span> <span class='ocrx_word' id='word_1_135' title='bbox 879 2877 961 2948; x_wconf 79' lang='lat' dir='ltr'><strong>pecc</strong></span> <span class='ocrx_word' id='word_1_136' title='bbox 979 2879 1095 2926; x_wconf 81' lang='lat' dir='ltr'><strong>sereno</strong></span> 
     </span>
     <span class='ocr_line' id='line_1_22' title="bbox 189 2974 1028 3064; baseline -0.001 -19"><span class='ocrx_word' id='word_1_137' title='bbox 189 2975 336 3064; x_wconf 79' lang='lat' dir='ltr'><strong>Moenin3</strong></span> <span class='ocrx_word' id='word_1_138' title='bbox 358 2999 419 3046; x_wconf 89' lang='lat' dir='ltr'><strong>nec</strong></span> <span class='ocrx_word' id='word_1_139' title='bbox 438 2975 533 3044; x_wconf 85' lang='lat' dir='ltr'><strong>vobis</strong></span> <span class='ocrx_word' id='word_1_140' title='bbox 551 2974 636 3044; x_wconf 85' lang='lat' dir='ltr'><strong>tanti</strong></span> <span class='ocrx_word' id='word_1_141' title='bbox 655 2974 717 3044; x_wconf 91' lang='lat' dir='ltr'><strong>sim</strong></span> <span class='ocrx_word' id='word_1_142' title='bbox 739 2997 839 3044; x_wconf 80' lang='lat' dir='ltr'><strong>cause</strong></span> <span class='ocrx_word' id='word_1_143' title='bbox 862 2974 1028 3048; x_wconf 88' lang='lat' dir='ltr'><strong>tumultus</strong></span> 
     </span>
    </p>

    <p class='ocr_par' dir='ltr' id='par_1_14' title="bbox 187 3095 1178 3554">
     <span class='ocr_line' id='line_1_23' title="bbox 189 3095 1178 3192; baseline -0.001 -26"><span class='ocrx_word' id='word_1_144' title='bbox 189 3099 321 3192; x_wconf 85' lang='lat' dir='ltr'><strong>Hospes</strong></span> <span class='ocrx_word' id='word_1_145' title='bbox 338 3095 448 3166; x_wconf 80' lang='lat' dir='ltr'><strong>adhuc</strong></span> <span class='ocrx_word' id='word_1_146' title='bbox 462 3121 471 3163; x_wconf 78' lang='grc' dir='ltr'><strong><em>ε</em></strong></span> <span class='ocrx_word' id='word_1_147' title='bbox 486 3096 572 3183; x_wconf 90' lang='lat' dir='ltr'><strong>scio,</strong></span> <span class='ocrx_word' id='word_1_148' title='bbox 590 3121 653 3168; x_wconf 90' lang='lat' dir='ltr'><strong>nec</strong></span> <span class='ocrx_word' id='word_1_149' title='bbox 673 3121 727 3166; x_wconf 91' lang='lat' dir='ltr'><strong>me</strong></span> <span class='ocrx_word' id='word_1_150' title='bbox 747 3095 831 3168; x_wconf 85' lang='lat' dir='ltr'><strong>adeo</strong></span> <span class='ocrx_word' id='word_1_151' title='bbox 851 3121 904 3168; x_wconf 88' lang='lat' dir='ltr'><strong>res</strong></span> <span class='ocrx_word' id='word_1_152' title='bbox 921 3097 1038 3169; x_wconf 82' lang='lat' dir='ltr'><strong>dextra</strong></span> <span class='ocrx_word' id='word_1_153' title='bbox 1057 3097 1178 3171; x_wconf 85' lang='lat' dir='ltr'><strong>levavit</strong></span> 
     </span>
     <span class='ocr_line' id='line_1_24' title="bbox 187 3214 1133 3313; baseline -0.001 -27"><span class='ocrx_word' id='word_1_154' title='bbox 187 3220 302 3307; x_wconf 86' lang='lat' dir='ltr'><strong>Quam</strong></span> <span class='ocrx_word' id='word_1_155' title='bbox 323 3217 448 3288; x_wconf 90' lang='lat' dir='ltr'><strong>durum</strong></span> <span class='ocrx_word' id='word_1_156' title='bbox 466 3217 575 3304; x_wconf 81' lang='lat' dir='ltr'><strong>natis,</strong></span> <span class='ocrx_word' id='word_1_157' title='bbox 594 3214 744 3288; x_wconf 82' lang='lat' dir='ltr'><strong>thalamo</strong></span> <span class='ocrx_word' id='word_1_158' title='bbox 762 3241 864 3313; x_wconf 87' lang='lat' dir='ltr'><strong>quam</strong></span> <span class='ocrx_word' id='word_1_159' title='bbox 885 3218 980 3296; x_wconf 85' lang='lat' dir='ltr'><strong>triste</strong></span> <span class='ocrx_word' id='word_1_160' title='bbox 998 3216 1133 3305; x_wconf 83' lang='lat' dir='ltr'><strong>revelli,</strong></span> 
     </span>
     <span class='ocr_line' id='line_1_25' title="bbox 188 3336 1157 3433; baseline 0.004 -27"><span class='ocrx_word' id='word_1_161' title='bbox 188 3339 303 3428; x_wconf 89' lang='lat' dir='ltr'><strong>Quam</strong></span> <span class='ocrx_word' id='word_1_162' title='bbox 323 3339 433 3432; x_wconf 85' lang='lat' dir='ltr'><strong>patria</strong></span> <span class='ocrx_word' id='word_1_163' title='bbox 452 3365 459 3408; x_wconf 92' lang='lat'><strong>:</strong></span> <span class='ocrx_word' id='word_1_164' title='bbox 480 3362 548 3406; x_wconf 90' lang='lat' dir='ltr'><strong>non</strong></span> <span class='ocrx_word' id='word_1_165' title='bbox 568 3361 621 3407; x_wconf 89' lang='lat' dir='ltr'><strong>me</strong></span> <span class='ocrx_word' id='word_1_166' title='bbox 639 3336 742 3408; x_wconf 91' lang='lat' dir='ltr'><strong>ullius</strong></span> <span class='ocrx_word' id='word_1_167' title='bbox 763 3337 883 3412; x_wconf 83' lang='lat' dir='ltr'><strong>domus</strong></span> <span class='ocrx_word' id='word_1_168' title='bbox 904 3340 1002 3410; x_wconf 84' lang='lat' dir='ltr'><strong>anxia</strong></span> <span class='ocrx_word' id='word_1_169' title='bbox 1021 3336 1157 3433; x_wconf 87' lang='lat' dir='ltr'><strong>culpet,</strong></span> 
     </span>
     <span class='ocr_line' id='line_1_26' title="bbox 188 3457 1050 3554; baseline 0 -26"><span class='ocrx_word' id='word_1_170' title='bbox 188 3463 460 3553; x_wconf 87' lang='lat' dir='ltr'><strong>Respectentque</strong></span> <span class='ocrx_word' id='word_1_171' title='bbox 478 3474 590 3531; x_wconf 87' lang='lat' dir='ltr'><strong>truces</strong></span> <span class='ocrx_word' id='word_1_172' title='bbox 611 3457 750 3554; x_wconf 91' lang='lat' dir='ltr'><strong>obliquo</strong></span> <span class='ocrx_word' id='word_1_173' title='bbox 770 3457 899 3530; x_wconf 87' lang='lat' dir='ltr'><strong>lumine</strong></span> <span class='ocrx_word' id='word_1_174' title='bbox 918 3472 1050 3530; x_wconf 86' lang='lat' dir='ltr'><strong>matres.</strong></span> 
     </span>
    </p>

    <p class='ocr_par' dir='ltr' id='par_1_15' title="bbox 186 3578 1245 4168">
     <span class='ocr_line' id='line_1_27' title="bbox 188 3578 1088 3676; baseline 0.004 -28"><span class='ocrx_word' id='word_1_175' title='bbox 188 3579 251 3649; x_wconf 90' lang='lat' dir='ltr'><strong>Ibo</strong></span> <span class='ocrx_word' id='word_1_176' title='bbox 270 3579 378 3652; x_wconf 89' lang='lat' dir='ltr'><strong>libens</strong></span> <span class='ocrx_word' id='word_1_177' title='bbox 395 3593 574 3674; x_wconf 87' lang='lat' dir='ltr'><strong>certusque</strong></span> <span class='ocrx_word' id='word_1_178' title='bbox 591 3579 700 3667; x_wconf 74' lang='lat' dir='ltr'><strong>mori,</strong></span> <span class='ocrx_word' id='word_1_179' title='bbox 718 3578 798 3650; x_wconf 90' lang='lat' dir='ltr'><strong>licet</strong></span> <span class='ocrx_word' id='word_1_180' title='bbox 814 3582 942 3674; x_wconf 84' lang='lat' dir='ltr'><strong>optima</strong></span> <span class='ocrx_word' id='word_1_181' title='bbox 962 3579 1088 3676; x_wconf 82' lang='lat' dir='ltr'><strong>conjux</strong></span> 
     </span>
     <span class='ocr_line' id='line_1_28' title="bbox 187 3701 1194 3798; baseline 0.005 -26"><span class='ocrx_word' id='word_1_182' title='bbox 187 3701 398 3795; x_wconf 73' lang='lat' dir='ltr'><strong>Auditusque</strong></span> <span class='ocrx_word' id='word_1_183' title='bbox 417 3703 539 3777; x_wconf 87' lang='lat' dir='ltr'><strong>iterum</strong></span> <span class='ocrx_word' id='word_1_184' title='bbox 560 3717 694 3774; x_wconf 88' lang='lat' dir='ltr'><strong>revocet</strong></span> <span class='ocrx_word' id='word_1_185' title='bbox 715 3727 836 3774; x_wconf 86' lang='lat' dir='ltr'><strong>socer:</strong></span> <span class='ocrx_word' id='word_1_186' title='bbox 858 3703 949 3772; x_wconf 91' lang='lat' dir='ltr'><strong>hunc</strong></span> <span class='ocrx_word' id='word_1_187' title='bbox 970 3727 1034 3798; x_wconf 84' lang='lat' dir='ltr'><strong>ego</strong></span> <span class='ocrx_word' id='word_1_188' title='bbox 1055 3705 1194 3791; x_wconf 85' lang='lat' dir='ltr'><strong>Thebis,</strong></span> 
     </span>
     <span class='ocr_line' id='line_1_29' title="bbox 186 3822 1245 3922; baseline 0.007 -32"><span class='ocrx_word' id='word_1_189' title='bbox 186 3826 306 3910; x_wconf 91' lang='lat' dir='ltr'><strong>Hunc,</strong></span> <span class='ocrx_word' id='word_1_190' title='bbox 326 3846 502 3920; x_wconf 80' lang='lat' dir='ltr'><strong>germane,</strong></span> <span class='ocrx_word' id='word_1_191' title='bbox 522 3823 585 3898; x_wconf 93' lang='lat' dir='ltr'><strong>tibi</strong></span> <span class='ocrx_word' id='word_1_192' title='bbox 599 3822 777 3920; x_wconf 81' lang='lat' dir='ltr'><strong>jugulum,</strong></span> <span class='ocrx_word' id='word_1_193' title='bbox 797 3839 830 3902; x_wconf 85' lang='lat' dir='ltr'><strong>et</strong></span> <span class='ocrx_word' id='word_1_194' title='bbox 848 3824 926 3912; x_wconf 89' lang='lat' dir='ltr'><strong>tibi,</strong></span> <span class='ocrx_word' id='word_1_195' title='bbox 946 3827 1092 3904; x_wconf 80' lang='lat' dir='ltr'><strong>maxime</strong></span> <span class='ocrx_word' id='word_1_196' title='bbox 1108 3827 1245 3922; x_wconf 84' lang='lat' dir='ltr'><strong>Tydeu,</strong></span> 
     </span>
     <span class='ocr_line' id='line_1_30' title="bbox 186 3944 1032 4041; baseline 0.005 -28"><span class='ocrx_word' id='word_1_197' title='bbox 186 3944 343 4015; x_wconf 79' lang='lat' dir='ltr'><strong>Debeo.»</strong></span> <span class='ocrx_word' id='word_1_198' title='bbox 368 3947 423 4018; x_wconf 90' lang='lat' dir='ltr'><strong>Sic</strong></span> <span class='ocrx_word' id='word_1_199' title='bbox 444 3945 543 4018; x_wconf 82' lang='lat' dir='ltr'><strong>variis</strong></span> <span class='ocrx_word' id='word_1_200' title='bbox 560 3959 740 4041; x_wconf 74' lang='lat' dir='ltr'><strong>pretentat</strong></span> <span class='ocrx_word' id='word_1_201' title='bbox 761 3961 898 4040; x_wconf 80' lang='lat' dir='ltr'><strong>pectora</strong></span> <span class='ocrx_word' id='word_1_202' title='bbox 917 3949 1032 4035; x_wconf 71' lang='lat' dir='ltr'><strong>dicus,</strong></span> 
     </span>
     <span class='ocr_line' id='line_1_31' title="bbox 188 4064 1038 4168; baseline 0.011 -35"><span class='ocrx_word' id='word_1_203' title='bbox 188 4064 419 4162; x_wconf 83' lang='lat' dir='ltr'><strong>Obliquatque</strong></span> <span class='ocrx_word' id='word_1_204' title='bbox 436 4093 575 4168; x_wconf 89' lang='lat' dir='ltr'><strong>preces:</strong></span> <span class='ocrx_word' id='word_1_205' title='bbox 594 4083 770 4148; x_wconf 83' lang='lat' dir='ltr'><strong>commotae</strong></span> <span class='ocrx_word' id='word_1_206' title='bbox 791 4069 963 4164; x_wconf 89' lang='lat' dir='ltr'><strong>questibus</strong></span> <span class='ocrx_word' id='word_1_207' title='bbox 982 4071 1038 4142; x_wconf 82' lang='lat' dir='ltr'><strong>irae</strong></span> 
     </span>
    </p>
   </div>
   <div class='ocr_carea' id='block_1_3' title="bbox 0 0 1604 5142">
    <p class='ocr_par' dir='ltr' id='par_1_16' title="bbox 0 0 1604 5142">
     <span class='ocr_line' id='line_1_32' title="bbox 0 0 1604 5142; baseline 0 3"><span class='ocrx_word' id='word_1_208' title='bbox 0 0 1604 5142; x_wconf 95' lang='lat' dir='ltr'><strong> </strong></span> 
     </span>
    </p>
   </div>
  </div>
 </body>
</html>
