<?xml version="1.0" encoding="UTF-8"?>
<!DOCTYPE html PUBLIC "-//W3C//DTD XHTML 1.0 Transitional//EN"
    "http://www.w3.org/TR/xhtml1/DTD/xhtml1-transitional.dtd">
<html xmlns="http://www.w3.org/1999/xhtml" xml:lang="en" lang="en">
 <head>
  <title>
</title>
<meta http-equiv="Content-Type" content="text/html;charset=utf-8" />
  <meta name='ocr-system' content='tesseract 3.04.00' />
  <meta name='ocr-capabilities' content='ocr_page ocr_carea ocr_par ocr_line ocrx_word'/>
</head>
<body>
  <div class='ocr_page' id='page_1' title='image "./operaquaeextant00dbgoog_0368.png"; bbox 0 0 3206 5136; ppageno 0'>
   <div class='ocr_carea' id='block_1_1' title="bbox 166 427 1225 500">
    <p class='ocr_par' dir='ltr' id='par_1_1' title="bbox 166 427 1225 500">
     <span class='ocr_line' id='line_1_1' title="bbox 166 427 1225 500; baseline -0.001 -16"><span class='ocrx_word' id='word_1_1' title='bbox 166 438 284 500; x_wconf 59' lang='lat' dir='ltr'><strong>(mss.)</strong></span> <span class='ocrx_word' id='word_1_2' title='bbox 485 431 701 490; x_wconf 68' lang='lat' dir='ltr'><strong>multos</strong></span> <span class='ocrx_word' id='word_1_3' title='bbox 720 429 831 486; x_wconf 68' lang='grc' dir='ltr'><strong>ΗΜ</strong></span> <span class='ocrx_word' id='word_1_4' title='bbox 852 427 903 484; x_wconf 86' lang='lat' dir='ltr'><strong>lv.</strong></span> <span class='ocrx_word' id='word_1_5' title='bbox 1189 443 1225 498; x_wconf 66' lang='grc' dir='ltr'><strong>η</strong></span> 
     </span>
    </p>
   </div>
   <div class='ocr_carea' id='block_1_2' title="bbox 166 553 1194 4162">
    <p class='ocr_par' dir='ltr' id='par_1_2' title="bbox 166 553 1185 1865">
     <span class='ocr_line' id='line_1_2' title="bbox 166 553 1185 656; baseline -0.011 -24"><span class='ocrx_word' id='word_1_6' title='bbox 166 561 236 632; x_wconf 86' lang='lat' dir='ltr'><strong>Sed</strong></span> <span class='ocrx_word' id='word_1_7' title='bbox 255 559 338 656; x_wconf 72' lang='lat' dir='ltr'><strong>&lt;prid</strong></span> <span class='ocrx_word' id='word_1_8' title='bbox 358 581 423 654; x_wconf 85' lang='lat' dir='ltr'><strong>ego</strong></span> <span class='ocrx_word' id='word_1_9' title='bbox 440 557 537 628; x_wconf 79' lang='lat' dir='ltr'><strong>haro?</strong></span> <span class='ocrx_word' id='word_1_10' title='bbox 558 557 728 650; x_wconf 83' lang='lat' dir='ltr'><strong>fessosque</strong></span> <span class='ocrx_word' id='word_1_11' title='bbox 744 556 870 650; x_wconf 88' lang='lat' dir='ltr'><strong>optatis</strong></span> <span class='ocrx_word' id='word_1_12' title='bbox 889 553 1048 623; x_wconf 81' lang='lat' dir='ltr'>demoror</span> <span class='ocrx_word' id='word_1_13' title='bbox 1065 553 1185 624; x_wconf 79' lang='lat' dir='ltr'><strong>undis?</strong></span> 
     </span>
     <span class='ocr_line' id='line_1_3' title="bbox 166 676 1106 776; baseline -0.009 -25"><span class='ocrx_word' id='word_1_14' title='bbox 166 684 303 752; x_wconf 83' lang='lat' dir='ltr'>Mecum</span> <span class='ocrx_word' id='word_1_15' title='bbox 321 705 384 776; x_wconf 88' lang='lat' dir='ltr'><strong>age</strong></span> <span class='ocrx_word' id='word_1_16' title='bbox 400 704 492 750; x_wconf 87' lang='lat' dir='ltr'><strong>nunc</strong></span> <span class='ocrx_word' id='word_1_17' title='bbox 508 703 517 748; x_wconf 75' lang='grc' dir='ltr'><strong><em>ε</em></strong></span> <span class='ocrx_word' id='word_1_18' title='bbox 535 680 563 748; x_wconf 92' lang='lat' dir='ltr'><strong>si</strong></span> <span class='ocrx_word' id='word_1_19' title='bbox 582 679 669 748; x_wconf 84' lang='lat' dir='ltr'><strong>forte</strong></span> <span class='ocrx_word' id='word_1_20' title='bbox 689 676 777 747; x_wconf 82' lang='lat' dir='ltr'><strong>vado</strong></span> <span class='ocrx_word' id='word_1_21' title='bbox 795 676 924 770; x_wconf 78' lang='lat' dir='ltr'>Langia</span> <span class='ocrx_word' id='word_1_22' title='bbox 943 698 1106 770; x_wconf 83' lang='lat' dir='ltr'><strong>perennes</strong></span> 
     </span>
     <span class='ocr_line' id='line_1_4' title="bbox 167 797 1055 898; baseline -0.011 -24"><span class='ocrx_word' id='word_1_23' title='bbox 167 808 288 875; x_wconf 86' lang='lat' dir='ltr'><strong>Servat</strong></span> <span class='ocrx_word' id='word_1_24' title='bbox 307 827 411 898; x_wconf 87' lang='lat' dir='ltr'><strong>aquas</strong></span> <span class='ocrx_word' id='word_1_25' title='bbox 428 828 436 871; x_wconf 92' lang='lat'>:</span> <span class='ocrx_word' id='word_1_26' title='bbox 455 801 541 872; x_wconf 92' lang='lat' dir='ltr'><strong>solet</strong></span> <span class='ocrx_word' id='word_1_27' title='bbox 559 816 594 871; x_wconf 95' lang='lat' dir='ltr'><strong>et</strong></span> <span class='ocrx_word' id='word_1_28' title='bbox 609 799 719 895; x_wconf 90' lang='lat' dir='ltr'><strong>rapidi</strong></span> <span class='ocrx_word' id='word_1_29' title='bbox 737 800 799 868; x_wconf 91' lang='lat' dir='ltr'><strong>sub</strong></span> <span class='ocrx_word' id='word_1_30' title='bbox 815 797 923 867; x_wconf 89' lang='lat' dir='ltr'><strong>limite</strong></span> <span class='ocrx_word' id='word_1_31' title='bbox 941 798 1055 866; x_wconf 90' lang='lat' dir='ltr'><strong>cancri</strong></span> 
     </span>
     <span class='ocr_line' id='line_1_5' title="bbox 170 918 1050 1020; baseline -0.011 -24"><span class='ocrx_word' id='word_1_32' title='bbox 170 930 327 1020; x_wconf 81' lang='lat' dir='ltr'>Semper,</span> <span class='ocrx_word' id='word_1_33' title='bbox 345 939 380 994; x_wconf 93' lang='lat' dir='ltr'><strong>et</strong></span> <span class='ocrx_word' id='word_1_34' title='bbox 395 926 496 993; x_wconf 89' lang='lat' dir='ltr'><strong>Icarii</strong></span> <span class='ocrx_word' id='word_1_35' title='bbox 515 924 671 1018; x_wconf 85' lang='lat' dir='ltr'><strong>quamvis</strong></span> <span class='ocrx_word' id='word_1_36' title='bbox 687 922 772 1016; x_wconf 86' lang='lat' dir='ltr'><strong>juba</strong></span> <span class='ocrx_word' id='word_1_37' title='bbox 790 918 936 1015; x_wconf 82' lang='lat' dir='ltr'><strong>fulgeret</strong></span> <span class='ocrx_word' id='word_1_38' title='bbox 954 919 1050 1004; x_wconf 87' lang='lat' dir='ltr'><strong>astri,</strong></span> 
     </span>
     <span class='ocr_line' id='line_1_6' title="bbox 168 1039 1082 1134; baseline -0.01 -17"><span class='ocrx_word' id='word_1_39' title='bbox 168 1051 224 1117; x_wconf 91' lang='lat' dir='ltr'><strong>Ire</strong></span> <span class='ocrx_word' id='word_1_40' title='bbox 242 1062 367 1116; x_wconf 86' lang='lat' dir='ltr'><strong>tamen.</strong></span> <span class='ocrx_word' id='word_1_41' title='bbox 385 1075 401 1112; x_wconf 78' lang='lat' dir='ltr'><strong>s</strong></span> <span class='ocrx_word' id='word_1_42' title='bbox 419 1043 527 1115; x_wconf 92' lang='lat' dir='ltr'><strong>Simul</strong></span> <span class='ocrx_word' id='word_1_43' title='bbox 544 1045 745 1131; x_wconf 73' lang='lat' dir='ltr'><strong>haerentem,</strong></span> <span class='ocrx_word' id='word_1_44' title='bbox 765 1067 807 1112; x_wconf 87' lang='lat' dir='ltr'><strong>ne</strong></span> <span class='ocrx_word' id='word_1_45' title='bbox 823 1041 920 1112; x_wconf 86' lang='lat' dir='ltr'><strong>tarda</strong></span> <span class='ocrx_word' id='word_1_46' title='bbox 936 1039 1082 1134; x_wconf 85' lang='lat' dir='ltr'><strong>Pelasgis</strong></span> 
     </span>
     <span class='ocr_line' id='line_1_7' title="bbox 168 1161 1097 1259; baseline -0.008 -22"><span class='ocrx_word' id='word_1_47' title='bbox 168 1172 249 1237; x_wconf 84' lang='lat' dir='ltr'><strong>Dux</strong></span> <span class='ocrx_word' id='word_1_48' title='bbox 268 1168 373 1257; x_wconf 81' lang='lat' dir='ltr'><strong>soret,</strong></span> <span class='ocrx_word' id='word_1_49' title='bbox 391 1168 435 1238; x_wconf 87' lang='lat' dir='ltr'><strong>ah</strong></span> <span class='ocrx_word' id='word_1_50' title='bbox 451 1168 612 1236; x_wconf 88' lang='lat' dir='ltr'><strong>miserum</strong></span> <span class='ocrx_word' id='word_1_51' title='bbox 630 1167 742 1235; x_wconf 84' lang='lat' dir='ltr'><strong>vicino</strong></span> <span class='ocrx_word' id='word_1_52' title='bbox 758 1165 882 1259; x_wconf 84' lang='lat' dir='ltr'>cespite</span> <span class='ocrx_word' id='word_1_53' title='bbox 903 1161 1097 1248; x_wconf 91' lang='lat' dir='ltr'><strong>alumnum,</strong></span> 
     </span>
     <span class='ocr_line' id='line_1_8' title="bbox 170 1283 1041 1382; baseline -0.007 -24"><span class='ocrx_word' id='word_1_54' title='bbox 170 1289 228 1358; x_wconf 91' lang='lat' dir='ltr'><strong>Sic</strong></span> <span class='ocrx_word' id='word_1_55' title='bbox 245 1283 359 1358; x_wconf 79' lang='lat' dir='ltr'><strong>Parcae</strong></span> <span class='ocrx_word' id='word_1_56' title='bbox 377 1287 531 1375; x_wconf 82' lang='lat' dir='ltr'><strong>voluere,</strong></span> <span class='ocrx_word' id='word_1_57' title='bbox 553 1285 659 1375; x_wconf 89' lang='lat' dir='ltr'><strong>locat,</strong></span> <span class='ocrx_word' id='word_1_58' title='bbox 675 1287 840 1382; x_wconf 86' lang='lat' dir='ltr'><strong>ponitque</strong></span> <span class='ocrx_word' id='word_1_59' title='bbox 858 1301 1041 1381; x_wconf 80' lang='lat' dir='ltr'><strong>negantem</strong></span> 
     </span>
     <span class='ocr_line' id='line_1_9' title="bbox 169 1405 1015 1504; baseline -0.002 -26"><span class='ocrx_word' id='word_1_60' title='bbox 169 1406 327 1478; x_wconf 86' lang='lat' dir='ltr'><strong>Floribus</strong></span> <span class='ocrx_word' id='word_1_61' title='bbox 344 1409 511 1504; x_wconf 79' lang='lat' dir='ltr'><strong>aggestis,</strong></span> <span class='ocrx_word' id='word_1_62' title='bbox 530 1423 564 1478; x_wconf 90' lang='lat' dir='ltr'><strong>et</strong></span> <span class='ocrx_word' id='word_1_63' title='bbox 580 1410 689 1478; x_wconf 90' lang='lat' dir='ltr'><strong>amico</strong></span> <span class='ocrx_word' id='word_1_64' title='bbox 709 1432 884 1478; x_wconf 89' lang='lat' dir='ltr'><strong>murmure</strong></span> <span class='ocrx_word' id='word_1_65' title='bbox 900 1405 1015 1476; x_wconf 89' lang='lat' dir='ltr'><strong>dulces</strong></span> 
     </span>
     <span class='ocr_line' id='line_1_10' title="bbox 170 1527 1028 1625; baseline -0.002 -27"><span class='ocrx_word' id='word_1_66' title='bbox 170 1527 308 1599; x_wconf 85' lang='lat' dir='ltr'><strong>Solatur</strong></span> <span class='ocrx_word' id='word_1_67' title='bbox 328 1528 519 1625; x_wconf 78' lang='lat' dir='ltr'><strong>lacrymas:</strong></span> <span class='ocrx_word' id='word_1_68' title='bbox 538 1528 646 1624; x_wconf 89' lang='lat' dir='ltr'><strong>qualis</strong></span> <span class='ocrx_word' id='word_1_69' title='bbox 666 1529 889 1623; x_wconf 87' lang='lat' dir='ltr'><strong>Berecynthia</strong></span> <span class='ocrx_word' id='word_1_70' title='bbox 905 1543 1028 1614; x_wconf 87' lang='lat' dir='ltr'><strong>mater,</strong></span> 
     </span>
     <span class='ocr_line' id='line_1_11' title="bbox 170 1645 1039 1744; baseline -0.003 -25"><span class='ocrx_word' id='word_1_71' title='bbox 170 1652 265 1719; x_wconf 89' lang='lat' dir='ltr'><strong>Dum</strong></span> <span class='ocrx_word' id='word_1_72' title='bbox 280 1651 370 1719; x_wconf 87' lang='lat' dir='ltr'><strong>circa</strong></span> <span class='ocrx_word' id='word_1_73' title='bbox 390 1674 533 1744; x_wconf 86' lang='lat' dir='ltr'><strong>parvum</strong></span> <span class='ocrx_word' id='word_1_74' title='bbox 546 1647 646 1744; x_wconf 80' lang='lat' dir='ltr'><strong>jubet</strong></span> <span class='ocrx_word' id='word_1_75' title='bbox 665 1645 833 1719; x_wconf 84' lang='lat' dir='ltr'><strong>exsultare</strong></span> <span class='ocrx_word' id='word_1_76' title='bbox 851 1653 1039 1719; x_wconf 88' lang='lat' dir='ltr'><strong>Tonantem</strong></span> 
     </span>
     <span class='ocr_line' id='line_1_12' title="bbox 171 1767 956 1865; baseline -0.001 -26"><span class='ocrx_word' id='word_1_77' title='bbox 171 1773 317 1840; x_wconf 87' lang='lat' dir='ltr'><strong>Curetas</strong></span> <span class='ocrx_word' id='word_1_78' title='bbox 338 1768 488 1865; x_wconf 88' lang='lat' dir='ltr'><strong>trepidos</strong></span> <span class='ocrx_word' id='word_1_79' title='bbox 509 1795 517 1837; x_wconf 75' lang='grc' dir='ltr'><strong><em>ε</em></strong></span> <span class='ocrx_word' id='word_1_80' title='bbox 538 1767 587 1839; x_wconf 92' lang='lat' dir='ltr'><strong>illi</strong></span> <span class='ocrx_word' id='word_1_81' title='bbox 608 1771 771 1839; x_wconf 85' lang='lat' dir='ltr'><strong>certantia</strong></span> <span class='ocrx_word' id='word_1_82' title='bbox 788 1768 956 1864; x_wconf 87' lang='lat' dir='ltr'><strong>plaudunt</strong></span> 
     </span>
    </p>

    <p class='ocr_par' dir='ltr' id='par_1_3' title="bbox 172 1888 952 1986">
     <span class='ocr_line' id='line_1_13' title="bbox 172 1888 952 1986; baseline -0.001 -27"><span class='ocrx_word' id='word_1_83' title='bbox 172 1891 295 1986; x_wconf 88' lang='lat' dir='ltr'><strong>Orgia,</strong></span> <span class='ocrx_word' id='word_1_84' title='bbox 314 1888 374 1959; x_wconf 90' lang='lat' dir='ltr'><strong>sed</strong></span> <span class='ocrx_word' id='word_1_85' title='bbox 394 1891 525 1984; x_wconf 89' lang='lat' dir='ltr'><strong>magnis</strong></span> <span class='ocrx_word' id='word_1_86' title='bbox 542 1905 678 1959; x_wconf 87' lang='lat' dir='ltr'><strong>resonat</strong></span> <span class='ocrx_word' id='word_1_87' title='bbox 694 1889 863 1985; x_wconf 85' lang='lat' dir='ltr'><strong>vagitibus</strong></span> <span class='ocrx_word' id='word_1_88' title='bbox 882 1889 952 1958; x_wconf 88' lang='lat' dir='ltr'><strong>lde.</strong></span> 
     </span>
    </p>

    <p class='ocr_par' dir='ltr' id='par_1_4' title="bbox 173 2007 1113 2466">
     <span class='ocr_line' id='line_1_14' title="bbox 224 2007 1010 2104; baseline -0.005 -24"><span class='ocrx_word' id='word_1_89' title='bbox 224 2017 270 2080; x_wconf 77' lang='lat' dir='ltr'><strong>At</strong></span> <span class='ocrx_word' id='word_1_90' title='bbox 286 2034 372 2104; x_wconf 92' lang='lat' dir='ltr'><strong>puer</strong></span> <span class='ocrx_word' id='word_1_91' title='bbox 390 2011 426 2077; x_wconf 91' lang='lat' dir='ltr'><strong>in</strong></span> <span class='ocrx_word' id='word_1_92' title='bbox 445 2009 574 2103; x_wconf 55' lang='lat' dir='ltr'><strong>pensio</strong></span> <span class='ocrx_word' id='word_1_93' title='bbox 591 2033 703 2078; x_wconf 80' lang='lat' dir='ltr'><strong>vemae</strong></span> <span class='ocrx_word' id='word_1_94' title='bbox 722 2007 866 2094; x_wconf 90' lang='lat' dir='ltr'><strong>telluris,</strong></span> <span class='ocrx_word' id='word_1_95' title='bbox 886 2024 920 2077; x_wconf 90' lang='lat' dir='ltr'><strong>et</strong></span> <span class='ocrx_word' id='word_1_96' title='bbox 940 2007 1010 2078; x_wconf 88' lang='lat' dir='ltr'><strong>alto</strong></span> 
     </span>
     <span class='ocr_line' id='line_1_15' title="bbox 173 2126 1113 2223; baseline -0.005 -22"><span class='ocrx_word' id='word_1_97' title='bbox 173 2131 353 2218; x_wconf 86' lang='lat' dir='ltr'><strong>Gramine,</strong></span> <span class='ocrx_word' id='word_1_98' title='bbox 374 2153 467 2198; x_wconf 92' lang='lat' dir='ltr'><strong>nunc</strong></span> <span class='ocrx_word' id='word_1_99' title='bbox 484 2126 597 2200; x_wconf 87' lang='lat' dir='ltr'><strong>faciles</strong></span> <span class='ocrx_word' id='word_1_100' title='bbox 616 2131 736 2198; x_wconf 85' lang='lat' dir='ltr'><strong>sternit</strong></span> <span class='ocrx_word' id='word_1_101' title='bbox 757 2130 976 2223; x_wconf 86' lang='lat' dir='ltr'><strong>procursibus</strong></span> <span class='ocrx_word' id='word_1_102' title='bbox 993 2129 1113 2199; x_wconf 86' lang='lat' dir='ltr'><strong>herbas</strong></span> 
     </span>
     <span class='ocr_line' id='line_1_16' title="bbox 173 2248 1020 2344; baseline 0 -26"><span class='ocrx_word' id='word_1_103' title='bbox 173 2253 214 2319; x_wconf 93' lang='lat' dir='ltr'><strong>ln</strong></span> <span class='ocrx_word' id='word_1_104' title='bbox 234 2248 371 2320; x_wconf 84' lang='lat' dir='ltr'><strong>vultum</strong></span> <span class='ocrx_word' id='word_1_105' title='bbox 389 2252 525 2338; x_wconf 87' lang='lat' dir='ltr'><strong>nitens;</strong></span> <span class='ocrx_word' id='word_1_106' title='bbox 543 2275 657 2320; x_wconf 90' lang='lat' dir='ltr'><strong>caram</strong></span> <span class='ocrx_word' id='word_1_107' title='bbox 674 2249 777 2319; x_wconf 92' lang='lat' dir='ltr'><strong>modo</strong></span> <span class='ocrx_word' id='word_1_108' title='bbox 795 2249 892 2320; x_wconf 90' lang='lat' dir='ltr'><strong>lactis</strong></span> <span class='ocrx_word' id='word_1_109' title='bbox 911 2275 1020 2344; x_wconf 89' lang='lat' dir='ltr'><strong>egeno</strong></span> 
     </span>
     <span class='ocr_line' id='line_1_17' title="bbox 175 2367 1055 2466; baseline -0.003 -26"><span class='ocrx_word' id='word_1_110' title='bbox 175 2367 354 2440; x_wconf 86' lang='lat' dir='ltr'><strong>Nutricem</strong></span> <span class='ocrx_word' id='word_1_111' title='bbox 370 2368 527 2464; x_wconf 88' lang='lat' dir='ltr'><strong>clangore</strong></span> <span class='ocrx_word' id='word_1_112' title='bbox 545 2371 652 2458; x_wconf 89' lang='lat' dir='ltr'><strong>ciens,</strong></span> <span class='ocrx_word' id='word_1_113' title='bbox 674 2371 864 2466; x_wconf 87' lang='lat' dir='ltr'><strong>iterumque</strong></span> <span class='ocrx_word' id='word_1_114' title='bbox 885 2370 1055 2454; x_wconf 85' lang='lat' dir='ltr'><strong>renidens,</strong></span> 
     </span>
    </p>

    <p class='ocr_par' dir='ltr' id='par_1_5' title="bbox 175 2491 1134 2941">
     <span class='ocr_line' id='line_1_18' title="bbox 176 2491 1009 2583; baseline 0 -21"><span class='ocrx_word' id='word_1_115' title='bbox 176 2496 218 2562; x_wconf 88' lang='lat' dir='ltr'><strong>Et</strong></span> <span class='ocrx_word' id='word_1_116' title='bbox 236 2492 359 2561; x_wconf 87' lang='lat' dir='ltr'><strong>teneris</strong></span> <span class='ocrx_word' id='word_1_117' title='bbox 377 2491 545 2562; x_wconf 84' lang='lat' dir='ltr'><strong>meditans</strong></span> <span class='ocrx_word' id='word_1_118' title='bbox 561 2494 663 2563; x_wconf 84' lang='lat' dir='ltr'><strong>verba</strong></span> <span class='ocrx_word' id='word_1_119' title='bbox 682 2493 870 2564; x_wconf 90' lang='lat' dir='ltr'><strong>illuctantia</strong></span> <span class='ocrx_word' id='word_1_120' title='bbox 889 2493 1009 2583; x_wconf 91' lang='lat' dir='ltr'><strong>labris,</strong></span> 
     </span>
     <span class='ocr_line' id='line_1_19' title="bbox 175 2615 1051 2709; baseline 0 -27"><span class='ocrx_word' id='word_1_121' title='bbox 175 2615 323 2683; x_wconf 88' lang='lat' dir='ltr'><strong>Miratur</strong></span> <span class='ocrx_word' id='word_1_122' title='bbox 342 2637 520 2682; x_wconf 88' lang='lat' dir='ltr'><strong>nemorum</strong></span> <span class='ocrx_word' id='word_1_123' title='bbox 541 2617 714 2709; x_wconf 85' lang='lat' dir='ltr'><strong>strepitus,</strong></span> <span class='ocrx_word' id='word_1_124' title='bbox 730 2631 790 2686; x_wconf 91' lang='lat' dir='ltr'><strong>aut</strong></span> <span class='ocrx_word' id='word_1_125' title='bbox 805 2617 906 2686; x_wconf 89' lang='lat' dir='ltr'><strong>obvia</strong></span> <span class='ocrx_word' id='word_1_126' title='bbox 926 2616 1051 2709; x_wconf 89' lang='lat' dir='ltr'><strong>carpit,</strong></span> 
     </span>
     <span class='ocr_line' id='line_1_20' title="bbox 175 2731 1134 2832; baseline 0 -30"><span class='ocrx_word' id='word_1_127' title='bbox 175 2737 245 2828; x_wconf 83' lang='lat' dir='ltr'><strong>Aut</strong></span> <span class='ocrx_word' id='word_1_128' title='bbox 262 2731 380 2828; x_wconf 89' lang='lat' dir='ltr'><strong>patulo</strong></span> <span class='ocrx_word' id='word_1_129' title='bbox 401 2734 504 2804; x_wconf 91' lang='lat' dir='ltr'><strong>trahit</strong></span> <span class='ocrx_word' id='word_1_130' title='bbox 524 2761 583 2804; x_wconf 90' lang='lat' dir='ltr'><strong>ore</strong></span> <span class='ocrx_word' id='word_1_131' title='bbox 603 2734 717 2806; x_wconf 85' lang='lat' dir='ltr'><strong>diem:</strong></span> <span class='ocrx_word' id='word_1_132' title='bbox 739 2740 950 2832; x_wconf 89' lang='lat' dir='ltr'><strong>nemorisque</strong></span> <span class='ocrx_word' id='word_1_133' title='bbox 968 2733 1134 2805; x_wconf 89' lang='lat' dir='ltr'><strong>malorum</strong></span> 
     </span>
     <span class='ocr_line' id='line_1_21' title="bbox 176 2855 946 2941; baseline 0.006 -20"><span class='ocrx_word' id='word_1_134' title='bbox 176 2855 322 2941; x_wconf 88' lang='lat' dir='ltr'><strong>Inscius,</strong></span> <span class='ocrx_word' id='word_1_135' title='bbox 340 2868 374 2922; x_wconf 92' lang='lat' dir='ltr'><strong>et</strong></span> <span class='ocrx_word' id='word_1_136' title='bbox 395 2856 472 2924; x_wconf 72' lang='lat' dir='ltr'><strong>vitae</strong></span> <span class='ocrx_word' id='word_1_137' title='bbox 489 2855 634 2926; x_wconf 89' lang='lat' dir='ltr'><strong>multum</strong></span> <span class='ocrx_word' id='word_1_138' title='bbox 656 2881 792 2928; x_wconf 86' lang='lat' dir='ltr'><strong>securus</strong></span> <span class='ocrx_word' id='word_1_139' title='bbox 810 2859 946 2928; x_wconf 90' lang='lat' dir='ltr'><strong>inerrat.</strong></span> 
     </span>
    </p>

    <p class='ocr_par' dir='ltr' id='par_1_6' title="bbox 177 2975 1034 3313">
     <span class='ocr_line' id='line_1_22' title="bbox 177 2975 1034 3072; baseline 0.007 -31"><span class='ocrx_word' id='word_1_140' title='bbox 177 2975 232 3042; x_wconf 91' lang='lat' dir='ltr'><strong>Sic</strong></span> <span class='ocrx_word' id='word_1_141' title='bbox 252 2988 347 3042; x_wconf 90' lang='lat' dir='ltr'><strong>tener</strong></span> <span class='ocrx_word' id='word_1_142' title='bbox 367 2975 513 3070; x_wconf 87' lang='lat' dir='ltr'><strong>Odrysia</strong></span> <span class='ocrx_word' id='word_1_143' title='bbox 532 2979 671 3047; x_wconf 85' lang='lat' dir='ltr'><strong>Mavors</strong></span> <span class='ocrx_word' id='word_1_144' title='bbox 688 2980 780 3066; x_wconf 83' lang='lat' dir='ltr'><strong>nive,</strong></span> <span class='ocrx_word' id='word_1_145' title='bbox 797 2981 845 3048; x_wconf 88' lang='lat' dir='ltr'><strong>sic</strong></span> <span class='ocrx_word' id='word_1_146' title='bbox 864 3003 948 3072; x_wconf 90' lang='lat' dir='ltr'><strong>puer</strong></span> <span class='ocrx_word' id='word_1_147' title='bbox 967 2977 1034 3047; x_wconf 88' lang='lat' dir='ltr'><strong>ales</strong></span> 
     </span>
     <span class='ocr_line' id='line_1_23' title="bbox 177 3095 959 3195; baseline 0.008 -34"><span class='ocrx_word' id='word_1_148' title='bbox 177 3095 314 3163; x_wconf 89' lang='lat' dir='ltr'><strong>Vertioe</strong></span> <span class='ocrx_word' id='word_1_149' title='bbox 329 3095 506 3182; x_wconf 74' lang='lat' dir='ltr'><strong>Maenalio,</strong></span> <span class='ocrx_word' id='word_1_150' title='bbox 526 3095 603 3167; x_wconf 88' lang='lat' dir='ltr'><strong>talis</strong></span> <span class='ocrx_word' id='word_1_151' title='bbox 622 3123 682 3192; x_wconf 89' lang='lat' dir='ltr'><strong>per</strong></span> <span class='ocrx_word' id='word_1_152' title='bbox 703 3097 802 3168; x_wconf 86' lang='lat' dir='ltr'><strong>litora</strong></span> <span class='ocrx_word' id='word_1_153' title='bbox 823 3114 959 3195; x_wconf 91' lang='lat' dir='ltr'><strong>reptans</strong></span> 
     </span>
     <span class='ocr_line' id='line_1_24' title="bbox 178 3214 985 3313; baseline 0.005 -31"><span class='ocrx_word' id='word_1_154' title='bbox 178 3214 357 3308; x_wconf 89' lang='lat' dir='ltr'><strong>Improbus</strong></span> <span class='ocrx_word' id='word_1_155' title='bbox 378 3220 530 3313; x_wconf 77' lang='lat' dir='ltr'><strong>Ortygiae</strong></span> <span class='ocrx_word' id='word_1_156' title='bbox 546 3216 833 3302; x_wconf 83' lang='lat' dir='ltr'><strong>latusinclinabat</strong></span> <span class='ocrx_word' id='word_1_157' title='bbox 852 3218 985 3313; x_wconf 81' lang='lat' dir='ltr'><strong>Apollo.</strong></span> 
     </span>
    </p>

    <p class='ocr_par' dir='ltr' id='par_1_7' title="bbox 174 3333 1194 4162">
     <span class='ocr_line' id='line_1_25' title="bbox 228 3333 1037 3435; baseline 0.005 -32"><span class='ocrx_word' id='word_1_158' title='bbox 228 3333 281 3404; x_wconf 92' lang='lat' dir='ltr'><strong>Illi</strong></span> <span class='ocrx_word' id='word_1_159' title='bbox 311 3361 371 3431; x_wconf 90' lang='lat' dir='ltr'><strong>per</strong></span> <span class='ocrx_word' id='word_1_160' title='bbox 387 3337 510 3408; x_wconf 87' lang='lat' dir='ltr'><strong>dumos</strong></span> <span class='ocrx_word' id='word_1_161' title='bbox 525 3354 560 3407; x_wconf 89' lang='lat' dir='ltr'><strong>et</strong></span> <span class='ocrx_word' id='word_1_162' title='bbox 578 3365 683 3435; x_wconf 90' lang='lat' dir='ltr'><strong>opaca</strong></span> <span class='ocrx_word' id='word_1_163' title='bbox 700 3343 890 3411; x_wconf 86' lang='lat' dir='ltr'><strong>virentibus</strong></span> <span class='ocrx_word' id='word_1_164' title='bbox 910 3340 1037 3409; x_wconf 89' lang='lat' dir='ltr'><strong>umbris</strong></span> 
     </span>
     <span class='ocr_line' id='line_1_26' title="bbox 180 3457 1095 3557; baseline 0.001 -31"><span class='ocrx_word' id='word_1_165' title='bbox 180 3457 289 3526; x_wconf 83' lang='lat' dir='ltr'><strong>Devia</strong></span> <span class='ocrx_word' id='word_1_166' title='bbox 306 3482 384 3552; x_wconf 90' lang='lat' dir='ltr'><strong>pars</strong></span> <span class='ocrx_word' id='word_1_167' title='bbox 403 3460 567 3555; x_wconf 89' lang='lat' dir='ltr'><strong>cingunt,</strong></span> <span class='ocrx_word' id='word_1_168' title='bbox 585 3487 664 3557; x_wconf 91' lang='lat' dir='ltr'><strong>pars</strong></span> <span class='ocrx_word' id='word_1_169' title='bbox 683 3477 756 3532; x_wconf 86' lang='lat' dir='ltr'><strong>aeta</strong></span> <span class='ocrx_word' id='word_1_170' title='bbox 773 3461 871 3557; x_wconf 88' lang='lat' dir='ltr'><strong>plebe</strong></span> <span class='ocrx_word' id='word_1_171' title='bbox 890 3477 1095 3554; x_wconf 87' lang='lat' dir='ltr'><strong>sequuntur,</strong></span> 
     </span>
     <span class='ocr_line' id='line_1_27' title="bbox 181 3575 1194 3676; baseline 0.001 -31"><span class='ocrx_word' id='word_1_172' title='bbox 181 3575 466 3674; x_wconf 69' lang='lat' dir='ltr'><strong>Praecelerantque</strong></span> <span class='ocrx_word' id='word_1_173' title='bbox 485 3579 618 3652; x_wconf 88' lang='lat' dir='ltr'><strong>ducem.</strong></span> <span class='ocrx_word' id='word_1_174' title='bbox 641 3582 795 3653; x_wconf 88' lang='lat' dir='ltr'><strong>Medium</strong></span> <span class='ocrx_word' id='word_1_175' title='bbox 812 3584 903 3654; x_wconf 89' lang='lat' dir='ltr'><strong>subit</strong></span> <span class='ocrx_word' id='word_1_176' title='bbox 922 3579 978 3651; x_wconf 87' lang='lat' dir='ltr'><strong>illa</strong></span> <span class='ocrx_word' id='word_1_177' title='bbox 997 3605 1058 3676; x_wconf 90' lang='lat' dir='ltr'><strong>per</strong></span> <span class='ocrx_word' id='word_1_178' title='bbox 1073 3603 1194 3676; x_wconf 89' lang='lat' dir='ltr'><strong>agmen</strong></span> 
     </span>
     <span class='ocr_line' id='line_1_28' title="bbox 182 3697 1180 3798; baseline -0.002 -28"><span class='ocrx_word' id='word_1_179' title='bbox 182 3701 262 3770; x_wconf 86' lang='lat' dir='ltr'><strong>Non</strong></span> <span class='ocrx_word' id='word_1_180' title='bbox 281 3697 401 3767; x_wconf 89' lang='lat' dir='ltr'><strong>humili</strong></span> <span class='ocrx_word' id='word_1_181' title='bbox 420 3698 539 3771; x_wconf 83' lang='lat' dir='ltr'><strong>festina</strong></span> <span class='ocrx_word' id='word_1_182' title='bbox 558 3702 659 3773; x_wconf 89' lang='lat' dir='ltr'><strong>modo</strong></span> <span class='ocrx_word' id='word_1_183' title='bbox 680 3729 688 3772; x_wconf 75' lang='grc' dir='ltr'><strong>ε</strong></span> <span class='ocrx_word' id='word_1_184' title='bbox 708 3705 846 3798; x_wconf 84' lang='lat' dir='ltr'><strong>jamque</strong></span> <span class='ocrx_word' id='word_1_185' title='bbox 867 3727 968 3773; x_wconf 88' lang='lat' dir='ltr'><strong>amne</strong></span> <span class='ocrx_word' id='word_1_186' title='bbox 987 3702 1180 3797; x_wconf 90' lang='lat' dir='ltr'><strong>propinquo</strong></span> 
     </span>
     <span class='ocr_line' id='line_1_29' title="bbox 182 3819 1057 3921; baseline 0.005 -33"><span class='ocrx_word' id='word_1_187' title='bbox 182 3821 298 3888; x_wconf 87' lang='lat' dir='ltr'><strong>Rauca</strong></span> <span class='ocrx_word' id='word_1_188' title='bbox 317 3835 414 3889; x_wconf 87' lang='lat' dir='ltr'><strong>sonat</strong></span> <span class='ocrx_word' id='word_1_189' title='bbox 432 3819 545 3910; x_wconf 84' lang='lat' dir='ltr'><strong>vallis,</strong></span> <span class='ocrx_word' id='word_1_190' title='bbox 566 3849 790 3920; x_wconf 75' lang='lat' dir='ltr'><strong>saxosumque</strong></span> <span class='ocrx_word' id='word_1_191' title='bbox 808 3824 943 3921; x_wconf 90' lang='lat' dir='ltr'><strong>impulit</strong></span> <span class='ocrx_word' id='word_1_192' title='bbox 960 3848 1057 3893; x_wconf 89' lang='lat' dir='ltr'><strong>aures</strong></span> 
     </span>
     <span class='ocr_line' id='line_1_30' title="bbox 174 3940 1182 4042; baseline 0.003 -35"><span class='ocrx_word' id='word_1_193' title='bbox 174 3940 339 4009; x_wconf 81' lang='lat' dir='ltr'><strong>&#39;Murmur</strong></span> <span class='ocrx_word' id='word_1_194' title='bbox 357 3965 366 4008; x_wconf 90' lang='lat'><strong>:</strong></span> <span class='ocrx_word' id='word_1_195' title='bbox 385 3941 431 4011; x_wconf 90' lang='lat' dir='ltr'><strong>ibi</strong></span> <span class='ocrx_word' id='word_1_196' title='bbox 453 3943 624 4014; x_wconf 87' lang='lat' dir='ltr'><strong>exsultans</strong></span> <span class='ocrx_word' id='word_1_197' title='bbox 643 3945 831 4016; x_wconf 88' lang='lat' dir='ltr'><strong>conclamat</strong></span> <span class='ocrx_word' id='word_1_198' title='bbox 846 3947 889 4015; x_wconf 88' lang='lat' dir='ltr'><strong>ab</strong></span> <span class='ocrx_word' id='word_1_199' title='bbox 906 3947 1040 4042; x_wconf 88' lang='lat' dir='ltr'><strong>agmine</strong></span> <span class='ocrx_word' id='word_1_200' title='bbox 1055 3943 1182 4038; x_wconf 91' lang='lat' dir='ltr'><strong>primo,</strong></span> 
     </span>
     <span class='ocr_line' id='line_1_31' title="bbox 182 4059 992 4162; baseline 0.009 -35"><span class='ocrx_word' id='word_1_201' title='bbox 182 4059 276 4128; x_wconf 89' lang='lat' dir='ltr'><strong>Sicut</strong></span> <span class='ocrx_word' id='word_1_202' title='bbox 295 4075 389 4151; x_wconf 91' lang='lat' dir='ltr'><strong>erat,</strong></span> <span class='ocrx_word' id='word_1_203' title='bbox 411 4059 540 4133; x_wconf 82' lang='lat' dir='ltr'><strong>levibus</strong></span> <span class='ocrx_word' id='word_1_204' title='bbox 558 4063 678 4136; x_wconf 91' lang='lat' dir='ltr'><strong>tollens</strong></span> <span class='ocrx_word' id='word_1_205' title='bbox 699 4067 818 4138; x_wconf 84' lang='lat' dir='ltr'><strong>vexilla</strong></span> <span class='ocrx_word' id='word_1_206' title='bbox 835 4067 992 4162; x_wconf 85' lang='lat' dir='ltr'><strong>maniplis</strong></span> 
     </span>
    </p>
   </div>
   <div class='ocr_carea' id='block_1_3' title="bbox 0 0 1633 5136">
    <p class='ocr_par' dir='ltr' id='par_1_8' title="bbox 0 0 1633 5136">
     <span class='ocr_line' id='line_1_32' title="bbox 0 0 1633 5136; baseline 0 0"><span class='ocrx_word' id='word_1_207' title='bbox 0 0 1633 5136; x_wconf 95' lang='lat' dir='ltr'><strong> </strong></span> 
     </span>
    </p>
   </div>
  </div>
 </body>
</html>
