3192 5148
427 559 462 616 36
788 563 818 615 Ρ.
840 561 963 617 PUBLII
985 561 1108 616 sunu
1394 563 1474 615 (v-=··t

425 686 682 779 spectatumque
698 684 774 753 urbi
791 683 917 772 scelus,
934 699 968 753 et
983 681 1111 779 puerile
1128 681 1286 750 feretrum

422 804 585 890 Produxi3
602 817 635 872 et
652 828 754 873 saevos
771 803 919 872 damnati
940 803 1047 873 thuris
1064 825 1219 888 acervos,

423 923 681 1016 Plorantemque
701 924 848 993 animam
864 947 966 1018 supra
981 945 1042 991 sua
1058 921 1177 991 funera
1192 919 1260 988 vidi
1278 945 1287 986 :

422 1046 536 1137 Teque
551 1058 687 1138 patrum
704 1045 847 1140 gemitus
864 1055 1091 1136 superantem,
1108 1056 1141 1110 et
1157 1039 1294 1108 brachia
1310 1052 1476 1124 matrum,

424 1163 714 1259 Complexumque
730 1187 850 1257 rogos,
867 1163 1044 1258 ignemque
1061 1161 1196 1230 haurire
1213 1173 1389 1254 parantem

424 1284 489 1352 Vix
507 1285 599 1352 tenui
615 1281 732 1352 similis
748 1307 875 1380 comes,
894 1281 1086 1374 offendique
1107 1279 1262 1350 tenendo.

423 1405 466 1472 Et
483 1427 574 1471 nunc
591 1403 693 1499 (heu)
709 1403 818 1488 vittis,
836 1415 870 1470 et
887 1401 1007 1472 fremis
1024 1400 1153 1471 honore
1171 1399 1296 1489 soluto,

423 1519 592 1591 Infaustus
608 1536 713 1610 vates,
730 1548 814 1592 vexo
832 1547 906 1591 mea
924 1535 1060 1617 pectora
1079 1536 1190 1590 tecum
1208 1547 1216 1589 ε

426 1639 553 1737 Plango
571 1639 652 1736 lyra.
670 1639 738 1711 En!
756 1641 832 1710 duri
848 1644 1004 1711 comitem
1023 1643 1216 1735 sociumque
1233 1639 1358 1712 doloris

426 1761 479 1855 (si
497 1761 623 1849 merui,
640 1759 815 1854 luctusque
833 1762 882 1830 tui
897 1763 1066 1831 consortia
1082 1761 1189 1856 sensi)
1381 1765 1386 1770 ’

424 1884 500 1948 Jam
517 1878 601 1948 lenis
618 1881 745 1974 patiare
763 1906 892 1974 precor.
912 1884 969 1949 Me
986 1879 1125 1949 fulmine
1142 1881 1178 1948 in
1197 1882 1270 1975 ipso

426 1999 597 2069 Audivere
615 2014 751 2094 patres:
772 1995 839 2094 ego¹
849 1999 1059 2094 juxtabusta
1077 1999 1221 2092 profusis

426 2117 608 2205 Matribus,
626 2132 727 2212 atque
745 2119 809 2212 piis
828 2120 934 2187 cecini
951 2116 1069 2186 solatia
1087 2120 1192 2206 natis,
1239 2109 1242 2118 ’

426 2241 468 2308 Et
487 2237 569 2306 mihi
583 2262 592 2326 ;
608 2262 713 2331 quum
730 2239 884 2331 proprios
902 2262 1069 2331 gemerem
1086 2236 1232 2306 delectus
1250 2236 1293 2304 ad
1310 2239 1404 2332 ignes

427 2357 579 2452 (Quem,
597 2354 766 2448 Natural)
784 2367 928 2449 patrem
942 2359 1014 2426 Nec
1032 2369 1064 2424 te
1081 2355 1195 2450 lugere
1211 2349 1345 2426 severus

427 2481 550 2563 Arceo,
568 2474 631 2544 sed.
642 2474 757 2543 confer
773 2476 929 2569 gemitus,
946 2476 1137 2569 pariterque
1154 2475 1301 2544 fleamus.

476 2593 682 2663 Jamdudum
698 2577 817 2687 dignos
834 2592 960 2680 aditus,
977 2592 1181 2689 laudumque
1199 2609 1348 2682 tuarum,

429 2719 461 2785 Ο
478 2715 598 2784 merito
614 2711 734 2782 dilecte
750 2709 845 2807 puer,
863 2709 1213 2808 primordia'quaerens

428 2833 617 2904 Distrahor.
636 2834 724 2902 Hinc
739 2835 821 2901 anni
839 2829 962 2902 stantes
980 2835 1015 2901 in
1032 2829 1153 2902 limine·
1164 2836 1256 2922 vitae,

427 2955 515 3022 Hinc
532 2978 586 3022 me
603 2953 710 3022 forma
726 2955 831 3047 rapit,
848 2955 935 3046 rapit
952 2953 1031 3022 inde
1048 2953 1210 3023 modestia
1231 2978 1380 3049 praecox,

428 3077 472 3142 Et
490 3073 610 3166 pudor,
627 3086 660 3140 et
678 3088 793 3140 tenero
808 3069 957 3166 probitas
976 3074 1138 3142 maturior
1153 3065 1233 3142 aevo.
1313 3152 1321 3165 ,

429 3195 462 3262 Ο
482 3192 538 3259 ubi
552 3176 726 3286 purpureo
743 3190 887 3260 suffusus
905 3185 1069 3286 sanguine
1084 3191 1221 3281 candor,

429 3309 622 3404 Sidereique
641 3309 758 3397 orbes,
777 3309 975 3403 radiataque
986 3303 1114 3380 lumina
1130 3310 1230 3400 coelo,

428 3434 470 3499 Et
489 3431 655 3524 castigatae
672 3427 811 3498 collecta
827 3428 990 3498 modestia
1007 3429 1142 3519 frontis,

431 3549 640 3643 Ingenuique
656 3572 755 3642 super
773 3547 897 3635 crines,
915 3547 1091 3643 mollisque
1107 3550 1250 3620 decorae·

429 3669 549 3761 Margo
565 3666 687 3736 comae?
703 3665 835 3735 blandis
851 3667 990 3736 ubinam
1006 3692 1065 3737 ora
1083 3684 1202 3765 arguta
1220 3667 1380 3763 querelis,

430 3784 621 3879 Osculaque
638 3786 793 3880 impliciti
810 3811 931 3856 vernos
948 3787 1133 3858 redolentia
1149 3785 1267 3877 flores,

429 3909 473 3975 Et
489 3906 600 3974 mixtae
615 3906 684 3975 risu
700 3905 871 4001 lacrymae,
888 3908 1086 4003 penitusque
1096 3887 1268 4002 ¹loquentis

429 4023 573 4118 Hyblaeis
590 4051 654 4094 vox
672 4026 774 4096 tincta
792 4026 894 4098 favis?
910 4029 964 4097 cui
982 4027 1078 4096 sibila
1093 4053 1229 4123 serpens

429 4147 589 4230 Poneret,
605 4159 638 4213 et
655 4169 747 4214 saevae
763 4144 886 4214 vellent
904 4145 1027 4216 servire
1045 4171 1205 4217 novercae.
