3200 5142
137 439 175 498 (t.
192 442 266 504 353.)
470 440 692 500 Tffltaalnos
714 445 824 500 LIBER
848 445 869 498 1.
1145 434 1196 492 181

137 566 337 638 Persolidat
354 571 476 638 Boreas
495 595 502 636 ε
524 543 656 639 necnon
674 553 816 666 abrupta
834 547 1031 641 tremiscunt

138 689 315 784 Fulgura,
333 701 366 758 et
383 689 519 758 attritus
536 690 646 758 subita
663 689 734 759 face
751 671 1051 786 rumpitur'aetlier.

138 814 225 880 Jam
242 813 390 897 Nemee,
405 811 473 904 jam
492 811 649 878 Taenariis
667 789 876 881 contermina
891 805 977 877 lucis

141 930 304 1000 Arcadiae
321 931 431 1024 capita
449 928 516 998 alta
528 928 681 1022 madent.
701 932 785 999 Ruit
801 919 934 1024 agmine
947 928 1033 996 lacto

142 1051 319 1138 Inachus,
338 1065 371 1118 et
389 1047 513 1144 gelidas
533 1075 671 1144 surgens
688 1052 849 1119 Erasinus
869 1045 911 1118 ad
928 1051 1056 1117 Arctos.

143 1169 393 1241 Pulverulenta
413 1171 525 1266 prius,
545 1151 768 1264 calcandaque
783 1170 921 1240 flumina
942 1167 1041 1248 nullae

144 1293 342 1390 Aggeribus
365 1307 501 1362 tenuere
519 1317 642 1379 morae,
660 1307 845 1386 stagnoque
864 1292 971 1360 refusa
991 1305 1041 1359 est

143 1411 338 1502 Funditus,
359 1428 393 1484 et
414 1413 516 1483 veteri
536 1411 703 1505 spumavit
715 1415 834 1512 'Lema
852 1436 992 1484 veneno.

146 1531 337 1625 Frangitur
352 1509 450 1602 omne
471 1556 589 1600 nemus
607 1532 770 1626 :rapiunt
791 1534 929 1626 antiqua
948 1530 1101 1626 procellae

148 1651 299 1721 Brachia
319 1647 498 1738 silvarum,
517 1649 686 1744 nullisque
706 1667 839 1746 aspecta
860 1631 1045 1746 per'aevum
1131 1677 1132 1682 ¹
1175 1639 1179 1648 ¹

149 1768 290 1840 Solibus
307 1747 462 1866 umbrosi
476 1745 617 1864 patuere
636 1771 757 1840 aestiva
768 1771 887 1865 Lycaei.

150 1889 216 1960 llle
233 1905 348 1960 tamen
368 1889 469 1959 modo
489 1914 566 1958 saxa
581 1891 672 1985 jugis
692 1889 855 1986 fugientia
875 1892 983 1985 ruptis
1011 1939 1013 1947 ·

150 2003 316 2099 Miratur,
338 2009 439 2078 modo
456 1986 642 2106 nubigenas
659 2036 677 2080 e
695 2011 867 2080 montibus
883 2005 997 2079 amnes

152 2134 247 2202 Aure
265 2155 410 2225 pavens,
429 2132 618 2225 passimque
640 2133 757 2201 insano
777 2131 912 2199 turbine
932 2145 1043 2224 raptas

150 2255 333 2320 Pastorum
349 2276 577 2346 pecorumque
598 2251 725 2321 domos.
745 2253 823 2321 Non
843 2252 977 2345 segnius
997 2272 1131 2335 amens,

151 2373 374 2466 Incertasque
391 2372 472 2460 viae,
494 2397 555 2468 per
573 2373 668 2467 nigra
687 2371 833 2458 silentia,
850 2381 983 2440 vastum

151 2493 280 2561 Haurit
294 2492 360 2561 iter
377 2518 384 2558 :
405 2488 517 2587 pulsat
538 2503 653 2561 metus¹
667 2492 835 2586 undique,
856 2505 890 2559 et
901 2489 1048 2583 undique
1065 2487 1177 2556 frater.

152 2617 205 2684 Ac
221 2611 314 2682 velut
331 2611 474 2682 hiberno
492 2613 676 2707 deprensus
698 2615 809 2682 navita
829 2593 951 2707 ponto,
975 2635 990 2653 ²

153 2733 222 2804 Cui
241 2759 348 2827 neque
366 2745 456 2802 temo
471 2735 577 2828 piger,
596 2758 704 2826 neque
722 2735 829 2803 amico
846 2732 953 2801 sidere
967 2744 1132 2799 monstrat

121 2927 131 2944 f
152 2857 254 2923 Luna
272 2855 362 2941 vias,
381 2853 490 2922 medio
509 2853 598 2940 coeli,
620 2852 795 2948 pelagique
812 2851 960 2922 tumultu

153 2978 232 3044 Stat
250 2975 389 3042 rationis
408 2975 506 3068 inops
527 3001 534 3041 ε
552 2976 757 3069 jamjamque
774 2988 833 3043 aut
852 2999 929 3042 saxa
951 2971 1105 3068 malignis

152 3097 335 3187 Exspectat
355 3093 526 3163 submersa
544 3093 655 3180 vadis,
676 3109 734 3162 aut
751 3095 875 3162 vertice
893 3107 994 3162 acuto

152 3216 356 3307 Spumantes
378 3199 531 3310 scopulos
551 3229 667 3283 erectae
685 3217 855 3284 incurrere
875 3239 991 3308 prorae.

204 3319 293 3402 Talis
312 3321 418 3429 opaca
435 3331 548 3429 legens
570 3319 745 3404 nemorum
765 3333 945 3404 Cadmeius
961 3334 1058 3402 heros

154 3450 345 3541 Accelerat,
365 3467 464 3530 vastoss
477 3455 655 3524 metuenda
671 3456 819 3540 umbone
829 3447 983 3522 'ferarum

154 3575 337 3644 Excutiens
356 3573 503 3657 stabula,
522 3590 555 3644 ct
574 3601 683 3670 prono
699 3574 844 3670 virgulta
863 3573 1017 3670 refringit

153 3699 294 3762 Pectore
313 3719 320 3761 :
341 3694 397 3763 dat
412 3695 699 3764 stimulos'animo
720 3698 770 3764 vis
786 3701 902 3764 moesta'
918 3695 1064 3779 timoris,

155 3817 274 3882 Donec
292 3814 334 3882 ab
353 3816 498 3884 Inachiis
517 3819 603 3886 victa
623 3815 764 3912 caligine
784 3819 877 3885 tectis

154 3934 301 4003 Emicuit
319 3933 428 4005 lucem
451 3937 575 4006 devexa
597 3939 637 4005 in
651 3939 771 4006 moenia
790 3937 931 4007 fundens
988 3943 990 3949 ’
1050 3959 1054 3968 ’

155 4057 336 4126 Larissaeus
352 4083 445 4152 apex.
466 4057 528 4127 Illo
548 4085 606 4154 spe
626 4061 778 4130 concitus
797 4063 889 4128 omni
