3192 5148
761 497 792 550 P.
813 495 937 550 runnu
958 495 1093 552 sraTu·

497 623 540 690 Et
561 633 759 706 mustaceus,
780 632 813 688 et
834 620 957 689 latente
977 618 1089 714 palma

496 739 710 836 Praegrandes
726 735 914 834 caryotides
933 738 1105 808 cadebant.

496 861 574 930 Non
595 861 694 928 tantis
711 863 800 954 Hyas
819 861 971 927 inserena
991 859 1112 927 nimbis

414 984 420 1000 ‘
497 982 617 1048 Terras
637 980 766 1065 obruit,
785 992 844 1048 aut
862 974 971 1047 soluta
989 976 1111 1065 Pleias,

496 1097 598 1189 Quali
618 1086 679 1193 per
697 1123 821 1168 cuneos
838 1097 944 1167 hiems
964 1099 1102 1168 Latinos

456 1223 458 1228 '
495 1217 630 1289 Plebem
650 1215 814 1312 grandine
832 1218 981 1286 concutit
1001 1217 1181 1288 sedentem.

497 1342 607 1408 Ducat
623 1334 742 1404 nubila
759 1338 913 1430 Juppiter
934 1361 993 1429 per
1012 1337 1144 1424 orbem,

370 1505 375 1512 ‚
496 1460 539 1526 Et
559 1455 641 1525 laetis
660 1453 790 1549 pluvias
811 1456 958 1524 minetur
977 1457 1080 1551 agris,

497 1579 589 1645 Dum
608 1575 713 1644 nostri
733 1575 823 1643 Jovis
842 1575 877 1644 hi
897 1575 1048 1646 ferantur
1066 1577 1196 1645 imbres.

545 1699 632 1764 Eece
653 1708 764 1763 autem
783 1719 898 1764 caveas
918 1695 1006 1764 subit
1023 1721 1084 1790 per
1102 1722 1232 1786 omnes,

495 1816 639 1909 Insignis
659 1813 782 1910 specie,
802 1813 923 1882 decora
942 1812 1034 1884 cultu

498 1933 614 2003 Plebes
635 1931 754 2020 altera,
775 1958 844 2004 non
863 1934 974 2002 minor
993 1932 1137 2004 sedente.
1239 1985 1242 1994 -

498 2055 541 2123 Hi
561 2053 715 2148 panaria,
733 2052 957 2147 candidasque
975 2077 1115 2148 mappas

499 2173 722 2258 Subvectant,
740 2171 922 2266 epulasque
940 2171 1113 2258 lautiorem

499 2291 554 2361 llli
575 2290 723 2361 marcida
740 2293 819 2360 vino
839 2290 1055 2385 largiuntur:

500 2411 604 2481 ldaeos
626 2409 764 2482 totidem
784 2424 881 2504 putes
899 2412 1078 2482 ministros.

501 2531 641 2616 Orbem,
662 2553 729 2622 qua
748 2527 865 2600 melior
883 2531 1097 2626 severiorque
1117 2546 1187 2619 est,

463 2629 464 2634 ἵ
501 2655 545 2720 Et
563 2662 677 2744 gentes
697 2646 758 2719 alis
777 2646 912 2718 insimul
935 2663 1078 2744 togatas3

501 2774 545 2841 Et
563 2793 668 2862 quum
686 2781 735 2839 tot
754 2766 896 2862 populos
913 2768 1011 2840 beata
1029 2795 1157 2864 pascas,

501 2893 616 2974 Hunc,
638 2891 799 2974 Annona,
818 2887 908 2956 diem
927 2890 1070 2982 superba
1090 2893 1205 2960 neseis.
1241 2871 1246 2880 Ι

501 3012 518 3104 l
538 3032 628 3077 nunc
645 3006 763 3080 serula
781 3016 955 3101 compara,
974 3009 1145 3110 Vetustas,

503 3128 644 3222 Antiqui
662 3129 767 3213 Jovis,
785 3140 990 3220 aureumque
1012 3142 1142 3223 tempus
1163 3156 1171 3197 ε

499 3249 578 3316 Non
598 3248 644 3316 sic
664 3244 767 3318 libera
788 3246 867 3317 vina
888 3261 968 3316 tuno
988 3246 1156 3336 fluebant,
1232 3303 1234 3308 -

499 3370 570 3439 Nec
588 3366 722 3440 tardum
739 3390 832 3460 seges
851 3366 1036 3459 occupabat
1056 3391 1193 3436 annum.

500 3491 578 3558 Una
596 3487 741 3558 vescitur
759 3483 868 3554 omnis
888 3484 971 3554 ordo
990 3509 1119 3572 mensa,

500 3605 614 3691 Parvi,
633 3603 772 3690 femina,
793 3601 901 3698 plebs,
922 3629 1037 3698 eques,
1057 3619 1201 3676 senatus.

501 3724 652 3794 Libertas
672 3725 892 3812 reverentiam
913 3719 1054 3811 remisit;

501 3847 543 3914 Et
558 3856 593 3911 tu
612 3843 694 3935 quin
715 3844 816 3914 etiam
837 3843 932 3939 (quis
948 3845 1013 3914 boc
1032 3869 1170 3940 rogare,

503 3963 589 4050 Quis
608 3962 803 4055 promittere
822 3977 932 4056 posset
951 3963 1015 4033 boc
1036 3963 1223 4056 Deoruml)

503 4081 685 4150 Nobiscum
706 4081 809 4152 socias
829 4059 930 4176 dapes
951 4083 1053 4152 inisti.
