3080 5136
329 487 367 541 IN
388 488 419 541 P.
440 489 471 542 P.
494 485 620 544 STATII
639 489 749 545 ΤΗΕΒ.
771 490 840 545 LIB.
863 492 930 546 lx.
1088 499 1146 575 329

130 601 274 676 Fugiunt,
283 602 449 678 Pheneique
456 603 626 678 phalanges
639 602 679 680 (v.
687 603 766 682 847.)
781 607 847 662 Vox
853 608 1043 682 fugiuntnon
1056 625 1147 671 exstat

78 691 116 748 in
143 691 236 749 codd.
258 694 433 766 barthianis,
448 706 570 769 excepto
590 697 669 766 ΜΒ,’
681 715 777 772 neque
798 700 939 756 Gronovii
959 703 1146 762 «sinceriori-

78 787 145 842 bus
156 812 187 857 n,
204 805 301 861 neque
321 786 352 842 in
370 789 461 859 Dan,
475 792 577 859 Taua,
592 791 661 866 Reg.
680 810 705 846 1.
727 794 851 850 Petrens.
869 814 876 848 ε
885 809 1018 868 pereunt·
1035 799 1148 856 Deinde
1179 849 1180 852 ,

80 881 178 935 multi
199 881 285 938 codd.
299 901 354 955 pro
371 885 536 957 Pheneique
550 883 686 939 exhibent
709 885 928 962 Telephaeoeque
944 909 954 942 .·
972 891 1050 946 unde
1068 894 1146 949 Gro-

80 973 201 1031 novius
218 974 315 1031 eflecit
330 997 340 1051 ³.
353 976 537 1051 «AEpitiique
551 975 654 1048 duces,
672 977 908 1056 Thelpusoeaeque
920 983 1113 1061 phalanges„
1131 1005 1147 1042 a

81 1067 348 1140 Thelpusa‚urbe
365 1079 394 1125 et
408 1087 479 1145 agro
493 1071 524 1124 in
540 1068 734 1127 Arcadia.Ad
752 1090 840 1144 quam
861 1074 1055 1146 conjecturam
1073 1096 1147 1151 pro-

83 1159 158 1231 pius
175 1161 286 1216 accedit
306 1163 392 1218 lectio
411 1162 646 1233 Bartbianorum,
665 1163 904 1240 Thelpheleoeque
923 1171 1000 1244 (narn
1023 1171 1146 1246 Thefph.

85 1251 200 1308 uitium
214 1251 355 1331 typogr.);
378 1273 412 1311 ac
431 1255 516 1328 plane
537 1253 726 1336 confirmatur
749 1257 842 1332 Regio
856 1278 901 1328 ¹1,
924 1261 1147 1340 Delpltusioeque

85 1345 253 1402 exhibenti.
271 1349 305 1402 ln
319 1367 378 1422 seq.
394 1366 422 1402 v.
438 1349 517 1403 illum
525 1389 535 1415 ,
552 1348 697 1422 Dryanta,
708 1349 782 1422 fidit
798 1351 1028 1426 Parthenopaeus.

134 1452 246 1508 Sardos
259 1449 298 1529 (v.
318 1452 397 1529 864).
417 1455 484 1510 Non
499 1456 700 1529 obsequentes.
715 1457 756 1512 Ut
770 1455 906 1532 Virgilius
923 1479 930 1512 ι

296 1646 380 1709 Neque
394 1643 461 1694 audit
477 1660 561 1694 eunus
575 1645 689 1696 habenas.

135 1824 203 1894 Qua
218 1824 342 1898 tegmina
358 1821 396 1900 [v.
413 1820 492 1901 872).
506 1825 560 1878 ΜΒ
580 1843 679 1898 :aquo
695 1836 715 1880 t.
726 1867 734 1895 ,
745 1849 757 1874 n
767 1825 846 1881 unde
859 1829 955 1884 Barth.
971 1830 1047 1901 conj.
1057 1835 1147 1904 quod,

88 1915 134 1971 uti
148 1917 255 1990 legitur
268 1917 298 1970 in
312 1936 323 1971 r
340 1917 441 1973 Bebot.
453 1928 481 1972 et
497 1918 567 1992 Reg.
582 1936 606 1971 1.
621 1917 774 1990 Sequentis
787 1938 886 1976 versus
900 1939 965 1976 cum
979 1923 1097 1978 Boethio
1107 1923 1145 1978 ita

90 2009 232 2065 mutanda
250 2008 396 2065 distinctio
414 2029 421 2064 ε
439 2011 597 2080 «Intrarat,
613 2009 783 2085 facilemque
802 2023 904 2067 cutem.
921 2013 1007 2068 Subit
1022 2015 1117 2070 altera.
1132 2039 1146 2066 n

134 2117 296 2190 &tuteque
307 2115 451 2190 patebant
464 2115 502 2189 (v.
522 2113 601 2188 876).
622 2139 635 2165 α
645 2117 672 2171 A
685 2114 778 2172 Diana
796 2116 966 2194 intelligitur
984 2120 1078 2193 Dryas
1093 2139 1146 2176 ορ..

92 2211 234 2278 eisus‚·ut
247 2210 308 2283 ipsa
320 2209 451 2284 superius
465 2207 500 2285 [v.
517 2207 584 2285 667]
602 2209 774 2282 promiserat
788 2209 885 2266 dicens
899 2230 907 2266 ε

202 2383 752 2450 ....Ειηοεῑι·ἰείιεείῐεωνὶιω5ἰῑῐίς.υ

696 2471 766 2518 Lice.

133 2647 228 2702 Invita
242 2665 396 2721 capessens
412 2650 504 2700 Arma
511 2665 589 2718 puer
600 2647 686 2719 rapui
699 2643 737 2722 (v.
754 2644 807 2720 891
821 2642 906 2722 sqq).
923 2645 1003 2716 Quid
1013 2656 1054 2701 est
1063 2665 1146 2700 amm

94 2758 245 2815 capessens
263 2739 372 2814 rapui?
389 2738 470 2793 MSS.
490 2757 603 2808 omnes,
623 2747 691 2793 vett.
708 2737 820 2812 aliquot
836 2737 902 2794 ed'd.
923 2749 953 2794 et
969 2739 1048 2795 Lact.
1065 2758 1073 2793 z
1091 2759 1144 2794 ea-

93 2851 175 2906 pesse
182 2872 194 2898 ‚,
206 2849 268 2886 non
284 2849 446 2907 capessens.
463 2829 614 2886 sinautem
632 2829 662 2884 in
679 2828 883 2904 antiquissimis
903 2849 1053 2903 proniore
1071 2832 1144 2888 scri-

96 2937 176 2998 ptum
189 2923 275 2980 fuisse
287 2934 360 2997 puto
369 2941 424 2998 pro
431 2925 547 2997 capessi
554 2941 564 2976 .·
573 2932 604 2978 ut
617 2921 654 2978 sit
670 2941 748 2978 erma
765 2922 850 2995 rapui
863 2941 927 2998 que
937 2923 1046 2997 capessi
1057 2925 1142 2980 nole·
1203 2951 1205 2956 ⁸

95 3017 180 3087 bant,
195 3036 258 3091 quae
270 3015 451 3090 prehendere
467 3033 527 3070 non
542 3014 699 3083 debebam,
714 3033 792 3071 arma
803 3013 904 3070 bellica
918 3034 974 3089 pro
980 3017 1144 3074 venatoriis.

96 3110 194 3166 Melius
208 3121 285 3166 certe
298 3111 354 3165 hoc
373 3127 460 3184 quam
474 3109 598 3182 probata
611 3107 821 3164 recentioribus
836 3109 1024 3166 Gronoviana
1039 3111 1144 3166 distin·
1174 3171 1175 3176 .

98 3201 152 3258 ctio
169 3223 175 3256 :
191 3226 202 3250 a
217 3201 328 3271 Merui,
342 3199 473 3275 genitrix.
489 3204 590 3257 Poenas
604 3200 693 3256 invita
713 3219 835 3274 capesse.
851 3203 953 3271 Anna,
972 3213 1064 3271 etc.,s
1079 3221 1144 3258 cum

97 3294 147 3348 hac
163 3295 235 3368 expl.
252 3313 258 3348 :
280 3315 295 3344 α
305 3292 453 3349 Resuscita
466 3292 555 3367 igitur
572 3293 643 3348 iram
661 3303 753 3364 tuam,
768 3303 800 3348 ut
814 3293 968 3366 patientius
989 3292 1102 3364 doleas,
1117 3307 1145 3350 et

99 3385 224 3463 cogita...
244 3397 272 3440 te
287 3385 393 3458 ipsam,
406 3385 474 3441 licet
488 3385 626 3455 invitam,
644 3395 673 3441 et
692 3385 854 3460 graviores,
873 3384 964 3456 justas
979 3395 1089 3446 tamen.
1109 3386 1145 3442 de

99 3499 140 3535 me
154 3497 251 3552 poenas
271 3478 441 3553 expetivisse
455 3479 495 3533 ob
509 3478 717 3534 contumaciam
731 3489 760 3534 et
776 3477 972 3534 temeritatem.
988 3479 1052 3533 Hoc
1065 3479 1145 3534 velut

99 3571 209 3628 ultionis
223 3572 325 3628 solatio
340 3573 449 3626 luctum
468 3571 598 3647 mitiga.»
618 3570 707 3627 Vides
725 3569 812 3645 quam
826 3570 916 3626 multa
929 3580 1023 3643 poete
1036 3569 1145 3627 intule-

99 3667 147 3737 rit,
163 3665 193 3721 id
212 3664 295 3739 quod
317 3665 382 3736 jure
404 3664 554 3740 aliquoties
575 3665 691 3742 egregio
705 3665 769 3720 viro
786 3663 973 3738 exprobravit
991 3662 1141 3719 Marklan-

102 3760 158 3815 dus.
177 3760 308 3814 Ceterum
327 3759 493 3814 Lactantius
511 3776 527 3813 a
546 3757 677 3833 partibus
694 3756 836 3814 Gronovii
855 3767 929 3814 stare
948 3755 1079 3828 videtur,
1103 3757 1143 3812 ita

101 3851 228 3926 legendus
241 3869 257 3905 e
271 3849 337 3906 cod.
351 3849 438 3907 Paris.
459 3871 465 3905 :
482 3851 558 3908 «Dic
574 3853 671 3907 merui.
688 3851 742 3908 Dic
760 3869 829 3907 meae
842 3849 926 3905 matri
944 3867 980 3904 ex
995 3867 1058 3904 mea
1072 3867 1143 3923 per—

102 3963 164 4000 sona
183 3945 297 4000 :merui
316 3943 425 4015 occidi,
449 3943 517 4018 quia
536 3954 563 3999 te
577 3955 760 4000 revocantem
776 3961 823 3998 me
845 3943 882 3998 ab
899 3941 1059 3997 intentione
1075 3941 1143 3996 belli

103 4056 155 4092 non
168 4056 226 4093 sum
249 4039 376 4107 secutus,
396 4039 431 4092 et'
443 4037 547 4093 merito
563 4055 663 4111 poenas
682 4036 759 4092 dedi.
781 4037 913 4112 Capesse.
929 4033 1004 4106 Quia
1023 4043 1051 4089 te
1070 4051 1142 4088 con-

104 4131 207 4205 tempsi;
226 4141 278 4186 aut
295 4131 441 4200 orbitatis,
463 4129 531 4206 quin
548 4127 607 4187 lilio
626 4130 782 4205 privaris.»
799 4130 891 4186 Aliter
904 4131 964 4186 hac
978 4138 1142 4184 correxerat
