3080 5136
153 489 186 542 (v.
204 487 254 548 μ)
422 487 429 498 ·
520 471 561 526 ΙΝ
582 469 850 527 PARTHENONE.
1148 468 1205 546 359

154 593 252 661 Absit
265 590 310 658 ¹ab
327 587 464 682 ingenio
486 610 526 654 ac
540 585 667 654 viribus
683 580 914 672 AEac'idurum,

153 717 201 783 Ut
217 711 367 781 dubitem
388 734 450 804 pro
464 706 561 778 laude
579 709 681 793 mori,
701 721 915 801 metuamque
935 731 1147 802 supremum,

154 837 263 924 Quem
281 833 339 902 dat
355 835 476 917 Parca,
498 831 609 899 diem:
631 828 713 898 mihi
733 855 811 898 nam
829 830 885 900 lux
901 830 1046 926 amplior
1058 829 1125 901 ulla
1138 846 1206 920 est,

55 1017 63 1024 .
154 959 240 1045 Quae
255 956 379 1023 virtute
394 952 484 1039 uuit,
503 977 577 1045 quac
595 953 703 1048 nescit
717 951 862 1022 claustra
880 950 1047 1048 sepulcri?

154 1081 309 1171 Namque
327 1075 473 1158 hominis
490 1098 631 1168 semper,
648 1074 846 1143 meritorum
863 1072 935 1169 lege
953 1078 1115 1171 perenni,

155 1201 267 1288 Quam
288 1198 417 1266 breviat
433 1194 554 1282 fatum,
572 1211 737 1290 propagat
749 1179 857 1289 glacia
876 1197 991 1266 vitam.

155 1323 246 1413 Ergo
264 1317 397 1387 animus
417 1315 553 1386 fidens
545 1343 580 1385 1n
594 1316 754 1386 Dardana
771 1319 886 1388 saeviat
902 1343 1014 1410 arma,

155 1443 226 1510 Nec
246 1439 353 1510 mihi
340 1464 410 1533 Jam
428 1440 553 1533 gemini
543 1437 759 1508 ''dilectus
728 1441 880 1554 pigneris
897 1442 1029 1513 obstet:

156 1563 363 1633 Deidamiam
381 1562 615 1656 Pyrrhumque
632 1586 723 1630 meos
739 1588 831 1632 nunc
847 1566 968 1659 Scyros
983 1565 1136 1653 habebit,

155 1688 296 1755 Visuros
313 1699 466 1754 nostrum
484 1683 628 1753 reditum
647 1684 853 1779 celeremque
874 1687 1111 1784 triumphum:

156 1811 213 1878 Me
230 1807 340 1903 pudor
358 1807 513 1876 hortatur
533 1831 650 1900 rapere
666 1807 702 1874 in
724 1809 907 1879 certamina
927 1833 1070 1902 gressus.

157 1933 256 1998 Ferre
275 1930 363 2024 potis
380 1953 600 2023 quaecumque
614 1927 730 1998 labans
748 1931 954 2000 successibus
973 1947 1051 2001 aetas

158 2052 283 2145 Exigit,
303 2051 485 2120 observans
499 2050 615 2119 matris
630 2065 795 2146 praccepta
810 2052 981 2140 verendae,

158 2170 280 2242 Induxi
298 2172 414 2243 molles
430 2172 582 2259 habitus,
599 2171 691 2242 velut
708 2171 798 2242 edita
814 2176 931 2268 virgo;
981 2237 986 2246 .

159 2296 368 2376 Lusimusct
389 2296 485 2364 tactis
499 2292 710 2364 modulantes
727 2296 876 2361 carmina
894 2292 1038 2364 chordis.

160 2414 287 2484 Virtuti
303 2414 478 2510 adsurgat,
497 2415 605 2486 fuerat
620 2438 840 2507 quaecumque
858 2412 1031 2510 valuptas3
1051 2393 1054 2400 ⁴

159 2534 323 2606 Succedat
340 2535 465 2605 ferrum
483 2537 641 2623 citharae3
657 2533 749 2629 quod
768 2536 876 2604 nutrit
892 2561 1021 2608 amores

160 2661 351 2752 Depensum
371 2673 420 2726 est
436 2661 579 2743 Veneri,
600 2656 779 2726 reddamus
800 2672 908 2727 cetera
927 2660 1042 2731 Marti.
