3156 5138
324 532 330 544 ¹
407 469 462 508 ron
761 451 794 504 Ρ.
816 447 942 503 PUBLII
964 447 1087 504 stam
1353 446 1385 510 (v.
1399 453 1444 510 tu)

404 577 522 645 Mense
540 597 614 642 meo
637 585 692 640 tua
709 575 816 643 Roma
833 573 947 666 cupit3
965 573 1012 642 sic
1030 586 1183 667 tempora
1202 573 1313 660 nasci,

404 694 460 763 Sic
479 717 586 763 annos
605 693 731 762 intrare
747 692 843 762 decet
861 719 870 760 :
892 692 935 762 da
953 692 1075 788 gaudia
1091 693 1184 762 fastis

404 813 594 900 Continuo,
612 813 674 883 hos
693 811 852 882 humeros
872 810 980 882 multo
998 815 1090 882 sinus
1110 814 1236 882 ambiat
1255 828 1364 900 nstro,

403 937 447 1004 Et
465 945 644 1028 properata
662 946 727 1002 tuae
745 933 901 1002 manibus
920 946 1081 1026 praetexta
1099 933 1271 1002 Minerva.

403 1053 531 1146 Aspicis
552 1065 591 1120 ut
609 1048 742 1145 templis
762 1050 845 1121 alius
865 1053 971 1141 nitor,
991 1051 1091 1121 altior
1106 1053 1172 1120 aris

402 1173 513 1267 Ignis,
532 1186 565 1241 et
584 1171 655 1266 ipsa
670 1195 752 1240 meae
770 1185 906 1265 tepeant
923 1172 984 1240 tibi
1002 1171 1110 1241 sidera
1128 1171 1265 1241 bruma.

403 1291 555 1359 Moribus
574 1303 675 1383 atque
694 1290 760 1358 tuis
776 1287 924 1384 gaudent
944 1303 1146 1384 turmaeque,
1166 1291 1358 1384 tribusque,

403 1408 635 1502 Purpureique
654 1410 787 1495 Patres3
807 1407 981 1503 lucemque
998 1433 1018 1478 a
1037 1408 1173 1479 oonsule
1193 1409 1286 1478 ducit

404 1528 525 1597 Omnis
544 1527 661 1596 bonos.
682 1526 776 1616 Quid
797 1526 881 1614 tale,
901 1551 1037 1623 precor,
1053 1530 1147 1623 prior
1165 1551 1273 1597 annus
1289 1526 1447 1598 habebat?

403 1648 469 1717 Dic
489 1670 569 1742 age,
589 1651 696 1716 Roma
717 1661 856 1741 potens,
876 1660 1084 1738 etmecum,
1104 1647 1204 1742 longa
1223 1650 1398 1738 Vetustas,

404 1766 591 1835 Dinumera
610 1765 731 1853 fastos;
750 1791 813 1836 nec
832 1791 936 1860 parva
955 1768 1108 1863 exempla
1124 1791 1277 1856 recense,

405 1885 470 1954 Sed
484 1909 559 1980 quae
573 1885 643 1954 sola
662 1911 754 1956 meus
774 1885 931 1981 dignetur
949 1888 1082 1957 vincere
1101 1893 1221 1960 caesar.

456 2037 474 2074 α
486 2009 552 2077 Ter
571 2008 670 2076 Latio
689 2005 862 2121 deciesque
882 2007 978 2094 tulit,
998 2007 1185 2080 labentibus
1202 2011 1319 2099 anub,

406 2135 576 2224 Augustus
596 2128 716 2214 fascem
735 2124 794 2198 sed
813 2128 913 2223 erepit
931 2153 1007 2198 sero
1024 2130 1145 2200 mereri
1166 2155 1174 2198 :
1555 2137 1557 2232 i

404 2251 457 2317 Tu
474 2249 605 2343 juvenis
624 2273 822 2344 praegressus
841 2273 930 2318 avos.
952 2244 1023 2318 En!
1042 2264 1169 2343 quanta
1187 2273 1339 2337 recusas,
1556 2251 1557 2302 i

404 2371 541 2458 Quanta
556 2365 664 2440 vetas!
685 2367 816 2440 flectere
832 2383 965 2454 tamen3
984 2369 1205 2464 precibusque
1224 2383 1358 2446 senatus
1556 2353 1557 2384 ¹

404 2489 580 2557 Permittes
599 2486 687 2558 hanc
705 2511 790 2583 saepe
811 2487 899 2556 diem
917 2503 1055 2558 :manet
1073 2489 1210 2583 insuper
1227 2487 1311 2557 ordo

404 2608 570 2702 Longior,
589 2621 622 2676 et
642 2605 780 2679 totidem
797 2604 875 2677 felix
891 2585 953 2677 tibi
971 2611 1080 2679 Roma
1096 2607 1227 2678 curules

403 2728 537 2820 Terque
554 2741 737 2820 quaterque
758 2725 875 2796 dabit:
898 2751 1030 2798 mecum
1048 2725 1153 2797 altera
1172 2726 1291 2798 saecula
1311 2727 1434 2798 condes
1556 2753 1557 2776 ¹

404 2851 447 2918 Et
465 2847 526 2916 tibi
544 2845 685 2942 longaevi
707 2846 917 2918 revocabitur
936 2870 995 2916 ara
1014 2848 1161 2918 Terenti.

404 2966 500 3037 Mille
519 2967 666 3061 trophaea
684 2966 793 3054 serent
809 2982 941 3037 tantum
962 2969 1118 3062 permitte
1134 2966 1332 3063 triumphos.

405 3091 520 3156 Restat
539 3090 658 3156 Bactra
678 3087 791 3175 novis,
813 3101 915 3158 restat
933 3085 1104 3182 Babylona
1124 3088 1279 3156 tributisx

404 3205 542 3274 Frenari
562 3230 571 3274 τ
590 3204 741 3282 noudum
762 3207 797 3279 in
818 3207 945 3301 gremio
962 3208 1054 3276 Jovis
1069 3206 1188 3278 Indica
1203 3204 1338 3292 laurus,

404 3323 564 3396 Nondum
571 3324 1453 3420 Arabes,Seresquerogant;nondumomnishonorem

403 3449 521 3518 Annus
541 3448 663 3538 babet,
686 3448 892 3542 cupiuntque
916 3448 1029 3518 decem
1050 3461 1108 3517 tua
1127 3447 1264 3518 nomina
1285 3469 1453 3515 mensos.»
1556 3459 1557 3474 ¹

452 3569 507 3637 Sic
525 3570 647 3658 Janus,
668 3567 848 3662 clausoque
867 3567 973 3638 libens
994 3593 1028 3638 se
1047 3581 1143 3664 peste
1161 3568 1299 3662 recepit.

403 3690 499 3757 Tunc
517 3711 631 3758 omnes
650 3702 787 3782 patuere
805 3688 911 3777 fores,
930 3689 1070 3783 laetnque
1087 3687 1253 3758 dederunt

404 3807 504 3900 Signa
524 3804 621 3900 polo;
640 3807 842 3904 longamque
859 3809 938 3898 tibi,
959 3833 1018 3878 rex
1036 3807 1180 3904 magne,
1195 3805 1371 3902 juventam

404 3930 548 4018 Annuit,
566 3944 668 4025 atque
687 3955 763 4003 suos
781 3930 935 4026 promisit
953 3932 1108 4026 luppiter
1123 3955 1239 4000 annos.
