3156 5138
165 519 200 576 (ι.
215 513 282 576 1⁶9.)
414 590 415 593 p
477 495 692 564 'smvmum
715 507 824 563 mann
845 507 880 559 v.
1167 503 1220 576 157

166 641 330 734 Quosque
348 637 526 708 Dicarchei
546 651 685 731 portus,
706 635 896 726 Baianaque
915 633 1056 700 mittunt

167 762 301 848 Litora,
319 784 386 854 qua
403 758 525 828 mediis'
540 757 607 826 alte
624 757 803 853 permistus
822 752 957 824 anhelat

166 882 259 977 Ignis
279 882 392 975 aquis,
411 896 444 950 et
461 893 580 975 operta
599 879 728 948 animos
749 875 903 946 incendia
914 889 1067 958 servant.

166 1005 222 1072 Sic
236 1001 280 1071 ad
301 1001 483 1072 Avernales
503 999 676 1098 scopulos,
690 1016 724 1070 et
740 1024 845 1096 opaca
865 995 999 1094 Sibyllae

165 1131 294 1214 Antra,
310 1138 479 1220 rogaturae
493 1123 673 1192 veniebant
690 1120 840 1216 undique
859 1136 993 1217 gentes:

166 1243 230 1314 Illa
248 1246 356 1314 minas
373 1245 518 1332 Divum,
532 1245 785 1340 Parcarumque
801 1255 876 1310 acta
892 1241 1049 1330 canebat,

167 1365 332 1453 Quamvis
353 1363 491 1458 decepto
506 1377 600 1432 rates
616 1388 686 1431 non
705 1363 800 1432 irrita
818 1361 957 1431 Phoebo.

216 1487 299 1554 Mox
318 1499 352 1554 et
368 1483 567 1555 Romuleam
585 1483 744 1576 stirpem,
763 1461 984 1578 proceresque
998 1483 1136 1580 ,futuros

166 1608 325 1696 Instruis,
343 1606 446 1700 inque
463 1619 601 1700 patrum
618 1605 757 1700 vestigia
775 1604 897 1674 ducere
915 1619 1054 1700 perstas.

167 1727 238 1796 Sub
255 1742 288 1796 te
307 1727 499 1797 Dardanius
516 1727 596 1796 facis
615 1724 807 1824 explorator
825 1739 967 1821 opertae,

167 1849 239 1938 Qui
252 1847 430 1920 Diomedei
446 1846 530 1946 celat
543 1845 726 1942 penetralia
746 1846 851 1934 furti,

166 1945 296 2058 Crevit,
314 1985 348 2040 et
364 1969 443 2039 inde
462 1971 595 2039 sacrum
613 1967 731 2037 didicit
746 1993 852 2063 puer:
870 1993 965 2038 arma
978 1967 1123 2063 probare

166 2091 366 2160 Monstrasti
382 2087 503 2177 Saliis,
521 2113 776 2184 praesagumque
793 2087 916 2158 aethera
932 2090 1032 2158 certis

166 2212 385 2308 Auguribus3
400 2211 455 2308 cui
471 2207 702 2280 Chalcidicum
724 2209 771 2306 fas
791 2207 925 2278 volvere
940 2233 1094 2297 carmen,

166 2331 280 2402 [anea
296 2331 350 2402 cui
367 2330 506 2426 Phrygii
522 2344 572 2430 est
590 2355 686 2430 coma
699 2329 911 2430 flaminis,·et
928 2343 987 2398 tua
1000 2329 1145 2400 multum
1253 2363 1257 2373 ·

166 2451 319 2522 Verbera
336 2452 495 2550 succincti
513 2450 735 2524 formidavere
754 2451 908 2545 Luperci.
1009 2521 1011 2528 ,
1085 2425 1091 2442 ’

166 2576 211 2642 Et
229 2597 321 2641 nunc
335 2597 376 2642 ex
397 2571 456 2672 illo
474 2571 587 2642 forsan
609 2595 724 2667 grege,
744 2571 898 2666 gentibus
913 2569 999 2641 alter

165 2699 185 2765 J
188 2719 250 2763 ura
268 2693 325 2762 dat
343 2694 436 2782 Eois,
454 2691 539 2762 alter
552 2693 734 2792 compescit
748 2693 880 2781 iberos,

165 2813 262 2885 Alter
279 2815 532 2886 Achaemenium
551 2811 691 2906 secludit
709 2819 890 2909 Zeugmate
907 2819 1051 2887 Persen:

166 2937 212 3005 Hi
228 2935 320 3006 dites¹
332 2937 417 3008 Asiae
433 2931 593 3031 populos,
612 2934 647 3002 hi
664 2935 805 3006 Pontic'a
822 2934 975 3026 frenant,

166 3057 212 3125 Hi
230 3055 305 3126 sora
324 3055 470 3152 pacificis
489 3055 672 3126 emendant
686 3057 848 3147 fascibus,
867 3055 917 3127 illi

165 3179 287 3246 Castra
303 3178 360 3272 pia
376 3177 520 3246 statione
537 3191 673 3266 tenent;
695 3194 732 3248 tu
750 3177 859 3248 laudis
875 3180 986 3274 origo.

165 3299 246 3369 Non
262 3298 496 3374 tibicertasset
510 3295 675 3393 juvenilia
692 3298 819 3394 fingere
840 3299 949 3392 corda¹

164 3421 293 3490 Nestor
308 3433 341 3488 et
360 3418 515 3488 indomiti
530 3418 671 3498 Phoenix
689 3418 883 3490 moderator
903 3420 1031 3490 alumni
1042 3446 1058 3508 ;=

165 3539 309 3634 Quique,
320 3539 419 3610 tubas
438 3563 550 3629 acres,
566 3538 736 3639 lituosque
750 3537 1053 3614 audirevolentem

165 3659 341 3750 AEacideu,
353 3659 420 3730 alio
436 3659 612 3764 frangebat
625 3661 774 3762 carmine
784 3662 928 3736 ,Chiron
956 3721 959 3727 .

214 3780 311 3851 Talia
329 3781 410 3851 dum
430 3780 595 3872 celebrae,
615 3781 760 3852 subitam
779 3781 886 3852 civilis
903 3785 1054 3880 Erinnys,

164 3903 311 3999 Tarpeio
331 3899 374 3972 de
390 3917 505 3972 monte
522 3903 648 3991 facem,
661 3901 901 3999 Phlegraeaque
917 3907 1024 3975 movit

165 4024 289 4093 Proelia
309 4022 504 4120 :sacrilegis
523 4023 824 4120 lucentCapitolia
841 4024 955 4114 taedis,

165 4147 208 4213 Et
225 4148 397 4216 Senonum
415 4143 647 4216 furiasLatiae
668 4171 841 4241 sumpsere
861 4147 1026 4216 cohortes.
