3206 5136
409 501 450 555 ΙΝ
469 501 500 554 P.
522 501 552 554 P.
574 501 700 560 sustu
722 500 816 559 SlLV.
838 499 907 556 LlB.
929 501 962 553 V.
1150 502 1207 558 285

202 620 313 676 Eueno
328 635 461 692 quoenam
478 615 552 672 bona
565 626 694 690 tempora
709 616 782 671 bello
796 611 835 692 (v.
858 613 915 692 39).
931 617 953 670 Ι.
968 633 997 672 e..
1010 627 1128 690 aperto,
1138 637 1207 692 opp.

163 707 331 766 qudibus.
352 709 386 764 V.
407 709 524 770 Maus.
538 707 635 784 Vulgo
649 718 749 763 exorto
754 726 766 774 ,-
780 705 831 762 sed
850 705 922 762 illud
940 705 1025 764 tacite
1044 710 1172 766 Gronov.

204 815 343 870 Nemeoea
356 807 584 868 utbierentArrua
596 808 635 890 (r.
653 807 711 888 48).
726 811 790 867 lioc
797 809 940 869 Domitius
953 810 1077 867 restituit
1090 830 1106 868 e
1122 813 1207 869 codd.

160 915 191 962 et
214 905 282 962 edd.
302 913 372 960 vett.
393 904 515 960 lectione
534 913 694 960 monstrosa
713 905 820 959 vectita
840 905 920 971 urii&
941 903 992 960 sed
1010 914 1118 978 (planta
1140 905 1208 961 inde

160 998 335 1072 proveniant
348 995 545 1067 incommoda,
564 997 671 1072 optime
685 996 723 1052 ad
737 996 767 1051 h.
785 997 804 1052 l.
820 996 952 1070 exposuit
964 997 1066 1053 Maricl.
1089 1008 1118 1054 et
1134 1000 1206 1054 Ler-
1291 1027 1292 1032 κ

162 1111 232 1146 noea
252 1091 312 1165 ipse
334 1089 472 1162 conjecit,
489 1088 508 1144 i.
520 1093 522 1100 '
533 1107 558 1146 c.
582 1090 697 1166 sagittas
716 1090 824 1145 lenm
841 1087 1073 1164 hydroe'veneno
1097 1089 1207 1148 tinctas.

161 1183 245 1238 Idem
257 1201 327 1238 vero
335 1181 366 1237 in
378 1191 449 1238 nota
463 1180 501 1237 ad
513 1199 573 1256 seq.
590 1200 619 1239 r.
637 1181 762 1238 ostendit
775 1181 924 1255 quomodo
938 1181 986 1237 illa
1000 1181 1030 1236 in
1043 1182 1209 1254 hujusmodi

161 1274 257 1348 poetis
270 1273 339 1331 ferri
350 1273 462 1348 possint
477 1291 484 1328 ε
497 1273 635 1330 «solitum
651 1273 727 1330 enim
742 1273 777 1329 iis
790 1271 930 1330 arcessere
950 1274 1075 1348 epitheta
1095 1292 1209 1331 scausa

161 1366 329 1438 remotiori;
343 1366 447 1424 deinde
467 1365 652 1424 ita'arcessita
667 1366 831 1422 interventu
839 1367 926 1423 medii
943 1367 1063 1440 alicujus
1083 1368 1210 1441 conjun-

161 1477 231 1534 gere
256 1478 321 1516 cum
342 1477 375 1516 re
394 1460 431 1517 de
454 1478 513 1534 qua
533 1459 704 1534 loquuntur,
724 1459 806 1534 qnasi
822 1461 955 1535 proximu
969 1471 998 1516 et
1016 1461 1151 1532 nativa‚»
1176 1472 1209 1518 ut

162 1552 316 1608 Nemeoeus
333 1563 362 1608 et
377 1551 540 1619 Cleonaeus,
557 1551 638 1626 quod
651 1561 806 1626 utrumque
821 1553 859 1608 ad
871 1554 983 1609 leonem
1000 1572 1211 1611 nemeaeumre-

161 1643 263 1715 fertur,
282 1644 342 1717 jam
355 1643 399 1702 sitv
409 1643 574 1717 simpliciter
591 1661 648 1717 pro
669 1644 823 1700 Herculeus
836 1662 846 1698 :
858 1663 926 1700 nam
939 1662 1035 1720 neque
1050 1647 1138 1702 amb
1154 1665 1209 1702 ne-

163 1755 223 1811 que
250 1737 371 1792 arcubus
397 1755 466 1794 usus
491 1735 584 1792 iuerat
611 1734 648 1790 ad
673 1735 908 1810 strangulandum
933 1738 1055 1794 leonem.
1075 1742 1119 1796 Ac
1143 1757 1210 1796 sane

161 1827 229 1885 cod
248 1828 386 1904 Rhodig„
400 1846 568 1903 quenquam
583 1829 674 1909 splus,
687 1828 797 1902 prabet
814 1829 942 1886 Nemeoe.

202 1936 388 2009 Fntonunque
403 1929 533 2009 exspuat
553 1934 582 1988 irc
599 1932 714 1988 umbras
733 1932 773 2012 (v.
794 1931 852 2013 70).
872 1958 885 1985 α
899 1935 975 1992 Dicit
988 1935 1106 2006 Statius,
1123 1937 1211 1993 arbo-

160 2045 220 2098 res,
233 2025 290 2083 nisi
301 2025 415 2081 luxuria
430 2015 528 2080 earum
541 2034 739 2097 compescatur
751 2024 839 2096 falce,
850 2045 906 2100 pro
911 2028 1012 2099 fructu
1031 2028 1102 2084 nihil
1120 2029 1208 2085 datu-

161 2136 209 2176 ras
224 2136 284 2175 esse
295 2116 352 2173 nisi
363 2115 480 2172 frondes
494 2125 523 2172 et
535 2115 678 2172 umbras.»
691 2118 810 2174 Manu„
858 2163 860 2168 ,

188 2224 356 2297 »Pietasque
362 2239 422 2296 per
436 2238 533 2276 omnes
546 2217 585 2297 (r.
608 2225 645 2291 74
660 2217 746 2298 sqq.).
763 2224 807 2279 lta
820 2223 948 2280 distinxit
961 2225 1132 2300 egregieque
1143 2225 1211 2282 illu·

162 2314 262 2371 stravit
280 2314 357 2369 huno
379 2305 479 2369 locum¹
494 2311 673 2382 Gronovius,
686 2331 716 2386 p.
737 2313 794 2370 dna
814 2333 877 2389 sqq.
898 2334 933 2370 :a
953 2316 1060 2372 Omnes
1076 2335 1210 2373 numeros

161 2405 292 2480 pietatis,
320 2405 469 2479 Cxispine,
491 2403 663 2479 implevisti3
689 2415 780 2480 prout
805 2406 891 2463 unius
913 2395 1063 2482 cujusque¹
1084 2427 1210 2488 persona

161 2499 296 2573 ordoque
311 2497 577 2573 requirebat,-ergn
592 2497 674 2553 illum
687 2509 830 2574 grassatus
845 2519 882 2556 es.
898 2500 945 2557 Sic
962 2500 1078 2556 fratrem
1092 2500 1209 2575 quidem

160 2609 323 2666 equarum,
332 2589 539 2664 anteponebas;
557 2599 669 2664 patrem
681 2590 877 2663 veneraberis3
894 2591 1001 2648 infelici
1014 2602 1110 2648 autem
1123 2592 1209 2648 matri

159 2682 337 2758 ignoscebas.
355 2681 411 2740 Hei
431 2681 517 2738 mihi!
530 2682 577 2738 bic
597 2681 689 2739 sattim
706 2683 811 2740 domus
832 2695 931 2740 restrae
948 2685 1046 2740 matris
1063 2685 1209 2762 mentione¹

159 2775 235 2831 sada
257 2774 382 2832 animum
408 2792 504 2829 meum
529 2774 638 2830 ulcerat
664 2785 692 2831 et
714 2775 819 2850 pungit
838 2795 845 2830 :
866 2776 957 2832 tibine
980 2776 1028 2833 illa
1051 2787 1209 2850 temperare

158 2885 249 2924 manu
261 2886 312 2924 sus
324 2885 468 2922 venenum
483 2865 635 2922 sustinuit?
653 2879 707 2923 etc.
721 2869 766 2923 lta
779 2867 901 2941 abrupta
915 2879 943 2924 et
950 2869 1067 2943 praecisa
1079 2869 1126 2924 hic
1139 2888 1207 2926 ora·
1223 2927 1226 2934 .

158 2961 218 3032 tio,
236 2971 269 3016 ut
286 2957 677 3036 magnam'perturhationem
695 2957 800 3036 figuret
816 2960 868 3015 :in
881 2979 939 3035 qun
957 2961 1142 3034 exprimenda
1159 2961 1207 3018 di-

158 3053 243 3109 vinus
262 3053 347 3127 plone
361 3051 469 3109 Statius
485 3062 593 3108 noster.
606 3053 768 3108 Admonere
781 3072 843 3109 nou
855 3053 978 3126 protrita
989 3053 1119 3110 ‘notione
1133 3054 1207 3110 dici-

159 3157 209 3202 tur
223 3144 364 3220 quicquid
377 3144 476 3219 aliquo
495 3162 562 3200 cum
578 3145 679 3201 actileo
699 3146 817 3219 teloque
837 3145 867 3200 in
883 3144 1050 3202 memoriam
1067 3147 1156 3218 redit,
1175 3157 1209 3203 ut

160 3236 290 3293 lustinus
308 3255 315 3290 t
329 3235 430 3308 Hujus
441 3236 544 3292 vuinus
558 3256 643 3311 quum
657 3237 756 3292 civitas
771 3237 909 3295 libertatis
923 3239 1128 3294 admoneretur.
1139 3262 1154 3290 s
1172 3239 1209 3295 Et

160 3329 216 3384 alia
231 3328 362 3403 exempla
380 3326 522 3403 exquisita
541 3327 638 3399 addit,
651 3338 734 3385 aucta
750 3329 787 3386 ab
807 3329 886 3404 ipso,
899 3348 928 3404 p.
949 3327 1005 3396 415
1013 3371 1022 3401 ‚
1036 3339 1064 3385 et
1075 3348 1092 3385 a
1105 3328 1207 3396 Marll.
1222 3395 1227 3408 .

200 3431 471 3504 chtentem'justis
485 3428 523 3506 (r.
545 3431 603 3510 83).
620 3433 655 3490 ld
671 3444 729 3504 est,
745 3433 904 3509 explicante
920 3433 1107 3506 Marklando,
1125 3434 1208 3506 justis

159 3537 190 3580 et
206 3525 381 3582 solemnibus
400 3522 550 3582 funeribus
572 3542 634 3582 eam
660 3523 788 3597 flectcre,
812 3525 843 3582 in
861 3537 939 3582 tuam
960 3525 1079 3602 gratiam
1098 3537 1208 3583 vertere

159 3618 330 3674 studentem.
380 3671 384 3678 ,

198 3722 331 3778 zuram
347 3721 428 3777 Iulia
447 3717 487 3800 (r.
505 3717 582 3799 ron).
601 3724 663 3780 Lex
676 3723 753 3780 Julis
771 3723 807 3780 de
825 3719 980 3781 adulteriis.
994 3720 1087 3778 Codd.
1107 3721 1225 3784 uibru-¹

160 3825 215 3884 ret,
231 3812 432 3890 quodinjnria
444 3813 567 3872 mutavit
581 3815 683 3872 Markl
692 3854 702 3887 ‚
712 3825 790 3872 recte
808 3815 955 3888 judicante
969 3810 1159 3884 Wakefieldo¹
1171 3813 1209 3870 ad

158 3909 290 3980 Lucret,
302 3927 335 3980 r,
356 3908 548 3984 1329,quun
564 3909 613 3979 sit,
628 3908 743 3995 vibrare
756 3917 888 3983 pararet,
901 3908 939 3964 de
954 3895 1067 3964 conatu.
1138 3947 1140 3954 ·

199 4012 294 4068 Medii
306 4012 415 4067 bellare
430 4024 531 4089 togata
546 4015 627 4069 Pace
635 4009 701 4085 fori
714 4010 1061 4090 (v.1ott).vocah.paae,
1076 4028 1095 4067 o
1106 4009 1207 4067 Mar-ll.

159 4104 337 4186 profectum,
360 4104 484 4162 debilem
508 4105 605 4162 reddit
628 4105 802 4162 sententiam.
829 4105 923 4162 Codd.
949 4115 979 4161 et
1006 4103 1072 4160 edd.
1098 4113 1175 4160 recte
1199 4121 1206 4156 :
