3156 5138
387 403 441 472 134
745 407 773 462 P.
795 407 917 464 uuum
937 409 1060 466 suurn

385 526 667 554 mm

885 853 919 938 Ι.

499 1183 763 1256 Auuscsurn
785 1185 835 1258 IN
856 1186 1125 1257 PRlSCILLAM
1142 1185 1307 1254 PIETAS.

835 1547 986 1566 *-

434 1846 473 1914 Sr
489 1868 608 1914 munus
623 1859 683 1914 aut
699 1844 823 1916 similes
839 1845 956 1916 docilis
973 1845 1056 1914 mihi
1073 1844 1201 1940 fingere
1215 1869 1324 1931 ceras,

386 1965 454 2034 Aut
472 1964 572 2050 ebur,
592 1964 759 2059 impressis
774 1989 936 2040 aurumve
953 1967 1102 2034 animare
1117 1963 1247 2060 figuris;

387 2084 489 2173 Hinc,
509 2082 673 2176 Priscilla,
694 2101 754 2156 tuo
769 2082 888 2157 solatia
905 2100 1000 2182 grata
1017 2084 1139 2155 marito

386 2206 624 2300 conciperem
642 2231 787 2302 numque
804 2207 937 2303 egregia
953 2208 1077 2300 pietate
1093 2219 1240 2275 meretur

386 2329 434 2396 Ut
452 2325 505 2396 vel
525 2324 665 2422 Apelleo
681 2326 795 2400 vultus
814 2326 944 2424 signatu
963 2324 1090 2415 colore,

385 2445 545 2516 Phidiaca
565 2444 619 2516 vel
639 2461 719 2524 nuto
738 2470 854 2536 mauu,
874 2445 1013 2518 reddere
1032 2444 1186 2516 dolenti:

385 2566 441 2634 Sic
459 2565 591 2646 auferre
609 2567 700 2662 rogis
720 2568 874 2641 umbram
892 2580 1047 2654 conetur,
1067 2579 1103 2636 et
1122 2565 1239 2659 iugens

387 2686 568 2758 Certamen
588 2709 666 2755 oum
684 2699 794 2759 morto
813 2687 914 2784 gerit,
931 2709 1095 2780 curesque
1112 2683 1230 2780 seligat

387 2804 580 2893 Artificum,
596 2805 699 2900 inque
715 2807 809 2878 omni
825 2821 860 2880 to
874 2807 994 2901 querit
1010 2829 1122 2878 amare
1137 2801 1282 2876 metallo.

386 2924 452 2999 Sed
469 2923 621 2999 morulis
637 2926 760 3014 honos,
778 2925 875 3022 egilis
891 2952 993 3022 quem
1010 2927 1127 2997 dextra
1144 2923 1284 2996 loborat.

434 3045 507 3118 Nos
527 3045 602 3134 tibi,
621 3043 748 3118 laudati
765 3047 899 3142 juvenis
918 3047 1088 3124 rarissima
1107 3047 1244 3140 conjux,

387 3169 520 3260 longa,
538 3191 602 3238 neo
621 3167 800 3244 obscurum
821 3166 920 3238 finem
940 3167 1066 3253 lature,
1084 3166 1225 3261 perenni

386 3288 568 3363 Tenemus
587 3285 666 3357 dere
681 3286 772 3382 Justu
791 3286 880 3382 lym
901 3287 1002 3362 modo
1021 3287 1138 3358 dexter
1155 3283 1293 3381 Apollo,

386 3407 522 3502 Quique
541 3408 635 3478 venit
648 3413 767 3503 juncto
782 3407 867 3481 mihi
884 3431 1016 3502 semper
1034 3404 1194 3503 Apolline
1208 3409 1336 3492 Cesar,

386 3531 524 3600 Annuat
543 3554 552 3598 z
571 3527 662 3600 haud
679 3527 745 3602 alio
765 3527 885 3599 melius
904 3528 1050 3600 condere
1069 3525 1233 3622 sepulcro.

436 3649 518 3718 Seru
537 3648 674 3742 quidem
696 3661 790 3720 tanto
808 3649 951 3720 struitur
970 3645 1137 3720 medicina
1155 3645 1281 3731 dolori,

388 3767 502 3840 Altera
519 3791 624 3863 quum
642 3766 789 3840 volucris
805 3769 923 3840 Phoebi
942 3784 1018 3841 rote
1034 3781 1192 3862 torqueat
1207 3790 1335 3838 annum
1354 3791 1362 3834 :

388 3889 454 3961 Sed
472 3914 576 3985 quum
592 3888 835 3988 purgaremus,
858 3907 892 3962 et
908 3890 1019 3962 adhuc
1038 3892 1073 3963 in
1090 3887 1229 3959 vulnere
1250 3888 1362 3982 primo

389 4013 489 4106 AEgru
510 4011 630 4082 domus
650 4026 784 4108 questu,
802 4013 1024 4105 miseramque
1042 4033 1193 4080 accessus
1210 4006 1252 4077 ad
1270 4030 1386 4078 aurem
