3172 5142
123 486 243 548 ‹aas›
433 483 648 542 rnammos
671 485 781 542 susa
804 485 857 542 1x.
1118 493 1171 555 sar

124 606 397 704 Hippomedonta
416 581 535 680 manns
556 636 564 680 ε
583 633 652 680 uon
668 607 763 678 illum
782 611 926 704 impacta
947 624 1121 680 moverent

121 732 308 799 Tormenta
323 734 536 824 oppositum,
556 727 792 822 formidatique
812 727 963 822 superbis

120 850 288 918 Turribus
305 851 467 944 impulsus
485 862 614 918 tentato
633 849 779 918 umbone
798 848 972 918 redissent.

122 969 191 1038 Sed
211 993 338 1039 memor
356 967 460 1066 Elysii
479 969 584 1064 regis,
604 992 774 1062 noxasque
793 982 945 1038 retexens

95 1125 99 1130 ·
123 1089 277 1183 Tydeos,
294 1091 328 1158 in
346 1088 474 1160 medios
493 1103 568 1158 astu
588 1091 678 1158 subit
696 1090 797 1184 impia
816 1113 954 1184 campos

121 1212 304 1305 Tisiphone
323 1238 331 1279 ε
353 1235 486 1281 sensere
505 1211 611 1296 acies,
629 1211 826 1305 subitusque
844 1213 994 1281 cucurrit

121 1330 236 1400 Sudor
249 1333 362 1425 equis,
382 1330 551 1424 sudorque
568 1331 648 1399 viris
666 1355 674 1398 ε
693 1355 887 1425 quanquam
906 1355 964 1400 ore
981 1333 1122 1400 remisso

122 1451 299 1520 Inachium
318 1441 464 1546 lingebat
482 1449 590 1545 Halyn
611 1477 619 1519 τ
636 1475 801 1544 nusquam
821 1453 943 1546 impius
963 1453 1069 1547 ignis,

122 1570 358 1664 Verberaque‚
378 1586 412 1642 et
423 1570 508 1663 jussi
526 1585 663 1639 tenuere
681 1551 812 1640 silentia
831 1573 952 1641 crines.

122 1694 230 1759 Arma
246 1693 346 1786 gerit,
362 1693 525 1786 juxtaque
542 1690 603 1758 feri
625 1689 711 1759 latus
725 1689 1005 1785 Hippomedontis

121 1808 251 1880 Blanda
270 1833 387 1905 genas,
408 1835 588 1904 vocemque
606 1811 696 1879 venit
713 1835 722 1879 τ
742 1823 853 1880 tamen
874 1809 929 1880 ille
948 1808 1116 1905 loquentis

121 1931 287 2000 Extimuit
306 1929 436 2018 vultus,
454 1929 705 2024 admiraturque
722 1929 887 2001 timorem.

122 2048 185 2122 1lle
201 2065 312 2121 autem
326 2050 532 2146 lacrymans,
552 2054 629 2119 «Tu
650 2073 760 2138 nunc,
776 2053 841 2139 ait,
860 2051 999 2148 inclyte,
1026 2053 1150 2122 frustra

121 2173 300 2241 Exanimes
321 2173 445 2258 socios,
467 2170 706 2264 inhumataque
725 2195 868 2266 corpora
887 2174 1030 2242 Graium

123 2291 274 2384 (Scilicet
291 2293 318 2360 is
336 2293 433 2362 nobis
451 2290 579 2360 metus?
599 2305 657 2359 aut
672 2291 743 2384 jam
764 2315 844 2360 cura
863 2291 1054 2386 sepulcril)

122 2415 296 2509 Protegis3
315 2414 387 2511 ipse
405 2437 507 2481 manu
526 2413 626 2506 Tyria
646 2411 708 2481 tibi
724 2425 841 2506 captus
861 2411 1023 2483 Adrastus

123 2539 302 2628 Raptum,
324 2548 422 2626 teque
440 2547 516 2601 ante
533 2530 632 2618 alios,
652 2545 684 2600 te
703 2555 803 2618 voce,
822 2516 992 2626 manuque

123 2658 289 2724 Invocat:
307 2653 372 2723 heu
389 2650 523 2746 qualem
541 2650 670 2745 lapsare
688 2652 723 2720 in
743 2653 904 2745 sanguine
919 2651 1008 2739 vidi,

120 2777 269 2842 Exutum
288 2797 390 2841 canos
409 2770 520 2841 lacero
540 2770 727 2840 diademate
742 2768 869 2840 crines!

120 2895 177 2962 Ne
193 2891 307 2987 procul
322 2893 418 2979 hinc,
438 2891 572 2960 adverte
592 2888 707 2959 oculos
727 2916 735 2956 :
755 2889 812 2959 ubi
832 2889 997 2985 plurimus
1015 2890 1072 2960 ille

121 3013 253 3100 Pulvis,
274 3015 331 3083 ubi
353 3012 410 3081 ille
428 3012 568 3107 globus:
584 3041 601 3076 s
619 3008 770 3106 paullum
785 3012 876 3079 stetit
891 3013 1010 3080 anxius
1027 3012 1146 3098 heros,

120 3134 350 3229 Librabatque
362 3146 490 3202 metus:
505 3133 626 3227 premit
642 3153 759 3224 aspera
775 3133 870 3224 virgo
888 3155 896 3197 :
915 3131 1034 3220 «Quid
1046 3129 1177 3199 haerest·

120 3254 235 3323 lmus?
253 3280 296 3323 an
314 3255 351 3322 hi
369 3253 514 3321 retinent
531 3249 667 3320 manes?
686 3266 720 3318 et
737 3248 834 3318 vilior
850 3248 905 3318 ille
984 3263 988 3270 ’

122 3376 194 3462 Qui
214 3373 415 3469 superestis
431 3373 593 3442 Miserum
612 3371 710 3440 sociis
727 3394 827 3464 opus,
848 3384 882 3438 et
899 3395 961 3439 sua
980 3369 1117 3440 mandat
1228 3377 1234 3386 '
1296 3347 1302 3354 .

120 3493 263 3578 Proelia,
283 3509 316 3562 et
335 3493 484 3568 unanimi
506 3491 598 3560 vadit
613 3490 763 3564 desertor
783 3490 901 3577 amici,

122 3616 317 3709 Respiciens
332 3629 462 3701 umen,
478 3627 511 3683 et
530 3625 691 3680 revocent
708 3612 736 3679 si
756 3609 841 3679 forte
854 3625 1002 3704 paratus.

122 3733 207 3804 Inde
226 3733 339 3830 legens
359 3733 493 3803 turbata
512 3732 615 3801 mucis
635 3731 772 3824 vestigia
793 3731 908 3819 Divae,

125 3859 208 3924 Huc*
218 3853 297 3924 illuc
313 3852 437 3924 frustra
457 3855 525 3921 ruit
540 3853 635 3920 avius
651 3875 659 3918 ε
673 3851 777 3945 impia
795 3850 901 3920 donec

124 3974 283 4046 Eumenis
301 4001 341 4044 ex
355 3973 463 4044 oculis
484 3973 607 4066 rejecta
622 3968 744 4040 emula
759 3995 878 4066 parma

124 4097 241 4192 Fugit,
260 4110 295 4164 et
310 4096 479 4164 innumeri
501 4092 630 4191 galeam
649 4115 770 4186 rupere
788 4105 934 4161 cerastae.

971 4235 1023 4283 10.
