3094 5140
376 531 434 588 260
688 530 946 588 netttLLEtuos
964 529 1082 584 LIBER
1105 529 1128 582 1.
1339 527 1435 592 (mi.)

374 657 573 744 Dardanus,
591 657 741 726 incautas
761 654 885 725 blande
905 654 1084 750 populatos
1101 651 1276 746 Amyclas,

374 776 544 872 Plenaque
560 778 704 847 materni
721 777 870 847 referens
888 778 1049 870 praesagia
1065 775 1175 843 somni

375 896 558 994 Culpatum
578 894 748 995 relegebat
769 899 849 986 iter,
866 921 934 991 qua
952 895 1088 966 condita
1109 908 1215 990 ponto

375 1016 548 1089 Fluctibus
564 1020 681 1088 invisis
693 1021 764 1113 jam
780 1018 900 1088 Nereis
917 1019 1060 1112 imperat
1076 1014 1194 1086 Helle:

374 1140 491 1228 Quum
504 1140 619 1210 Thetis
635 1139 759 1226 Idaeos,
777 1138 845 1208 heu
863 1163 1037 1232 nunquam
1053 1161 1140 1207 vana
1152 1152 1337 1231 parentum

373 1257 542 1356 Auguria!
560 1261 695 1357 expavit
713 1235 822 1330 vitreo
840 1259 902 1329 sub
923 1259 1056 1355 gurgite
1076 1283 1195 1328 remos.

282 1429 283 1440 κ
374 1384 446 1453 Nec
463 1406 556 1452 mora
575 1407 584 1450 τ
602 1396 635 1450 et
654 1380 794 1451 undosis
813 1382 914 1450 turbe
934 1381 1117 1450 comitante
1135 1405 1291 1449 sororum

374 1500 535 1572 Prosiluit
553 1501 708 1573 thalamis
725 1529 733 1570 :
754 1501 885 1572 fervent
900 1503 1057 1571 coeuntia
1074 1501 1198 1594 Phryxi

373 1625 508 1712 Litora,
526 1638 560 1694 et
575 1638 759 1719 angustum
776 1623 930 1692 dominas
947 1648 1015 1691 non
1031 1621 1177 1716 explicat
1190 1646 1318 1715 aequor.

374 1741 435 1812 Illa
450 1744 510 1813 ubi
527 1743 678 1814 discusso
697 1745 846 1838 primum
863 1745 954 1813 subit
969 1767 1047 1812 aera
1067 1759 1195 1838 ponto:

374 1893 391 1928 a
405 1867 463 1934 Me
480 1866 564 1959 petit
581 1865 667 1953 hec,
682 1866 765 1938 mihi
780 1864 913 1952 classis,
927 1867 993 1952 ait,
1011 1864 1144 1934 funesta
1158 1866 1335 1934 minatur:

374 1990 530 2082 Agnosco
549 1988 716 2076 monitus,
736 2001 770 2056 et
789 1990 910 2057 Protea
930 2011 1009 2056 vera
1031 1985 1193 2055 locutum.

372 2111 460 2178 Ecce
479 2131 603 2177 novam
620 2109 773 2198 Priamo,
790 2108 918 2178 facibus
938 2107 980 2176 de
1001 2132 1115 2203 puppe
1134 2106 1273 2192 levatis,

374 2232 453 2297 Fert
469 2225 609 2298 Bellona
630 2253 754 2298 nurum
771 2255 779 2296 ε
797 2229 897 2299 video
913 2231 983 2324 jam
1004 2227 1095 2298 mille
1116 2229 1239 2298 carinis

373 2351 527 2435 Ionium,
546 2353 765 2446 AEgaeumque
784 2353 917 2446 premi:
937 2376 1000 2420 nec
1020 2349 1163 2432 sufficit,
1183 2353 1293 2422 omnis

372 2469 475 2559 Quod
496 2470 596 2566 plaga
612 2471 846 2566 Grajogeoum
866 2470 1004 2540 tumidis
1023 2471 1181 2564 conjurat
1197 2469 1351 2540 Atridis:

371 2594 446 2660 Jam
463 2589 600 2686 pelago,
620 2591 785 2686 terrisque
805 2616 900 2660 meus
920 2607 1095 2685 quaretur
1105 2589 1272 2676 Achilles,

372 2716 416 2781 Et
433 2709 523 2780 volet
544 2713 615 2806 ipse
635 2715 730 2805 sequi
748 2739 756 2779 :
776 2711 859 2806 quid
880 2713 971 2781 enim
993 2709 1162 2782 cunabula
1178 2735 1286 2807 parvo

372 2831 508 2919 Pelion,
527 2848 562 2900 et
579 2815 915 2903 torvicommisimus
932 2849 1028 2904 antra
1046 2833 1222 2930 magistri?

371 2950 461 3041 Illic,
479 2953 515 3021 ni
533 2950 642 3040 lallor,
660 2953 881 3048 lapitharum
902 2953 1023 3048 puelia
1040 2953 1126 3062 luflit

370 3074 571 3169 Improbns,
589 3089 625 3143 et
643 3075 755 3169 patria
767 3077 838 3168 jam
856 3101 891 3144 se
910 3075 1048 3145 metitur
1068 3077 1102 3143 in
1121 3077 1228 3146 hasta.

371 3193 404 3264 O
425 3193 535 3283 dolor,
553 3219 576 3263 o
595 3196 661 3264 seri
677 3208 832 3264 materno
852 3195 1011 3264 in'corde
1027 3195 1180 3266 timores!
1254 3181 1260 3194 ⁸

370 3316 451 3385 Nou
468 3317 566 3411 potui
587 3313 723 3404 infelix,
740 3339 848 3409 quum
867 3317 1016 3410 primum
1035 3320 1071 3386 in
1091 3319 1226 3414 gurgite
1246 3335 1369 3390 nostro

370 3435 527 3505 Rhoetaeae
546 3436 696 3506 cecidere
717 3437 849 3525 trabes,
869 3436 1024 3507 attollere
1042 3465 1202 3534 magnum

370 3554 525 3649 AEquor?
540 3570 574 3624 et
593 3557 713 3626 incesti
730 3556 898 3651 praedonis
920 3557 991 3628 vela
1011 3559 1180 3654 profunda

370 3678 583 3769 Tempestate
603 3675 721 3771 sequi?
735 3693 942 3773 cunctasque
959 3679 1084 3750 inferre
1102 3681 1254 3751 sorores?

370 3797 474 3866 Nunc
487 3819 645 3890 quoque:
661 3796 718 3867 sed
734 3798 871 3867 tardum
886 3815 953 3884 est,
969 3801 1041 3893 jam
1057 3799 1155 3896 plena
1173 3803 1298 3896 injuria
1314 3819 1431 3899 rapta.

370 3915 433 3984 lbo
449 3931 581 4006 tamen,
597 3915 775 4013 pelagique
791 3922 900 4007 Deos,
919 3919 1140 4015 dextramque
1158 3921 1317 4012 secundi,

371 4035 475 4124 Quod
494 4054 665 4133 superest,
682 4037 857 4135 complexa
871 4042 984 4127 Jovis,
1005 4066 1066 4134 per
1080 4028 1233 4137 Tethyos
1247 4067 1360 4112 annos

371 4155 670 4255 Grandaevumque
684 4175 833 4256 patrem,
850 4161 993 4257 supplex
1008 4139 1206 4234 miseranda
1217 4165 1350 4258 rogabo
1368 4211 1370 4214 -
