3200 5142
418 483 459 538 us
480 483 510 538 Ρ.
532 484 563 536 r.
587 481 714 537 srsru
735 482 830 537 suv.
852 484 922 538 nus.
945 486 996 540 111.
1175 496 1231 552 ,53

223 598 391 656 Gereutslrus
401 595 439 674 (v.
457 595 519 676 36).
541 599 583 654 Ee
595 616 667 654 voce
683 596 825 654 mtionem
842 586 969 656 indicere
982 602 1105 660 volutae
1118 606 1234 667 videtur
1270 619 1273 626 “

178 694 305 762 Statius,
321 710 373 746 cur
395 690 582 748 dimittendus
598 689 634 747 sit
651 691 771 748 Herculi
786 689 892 764 bostis,
910 695 994 768 enjus
1018 698 1133 755 mnas
1154 704 1233 758 uelut

177 785 343 860 tropheum
364 785 396 840 in
413 771 540 840 humeris
551 793 642 860 perus.¹
658 783 761 841 stult.
776 785 852 858 oonj.
867 786 1041 863 ingentibus,
1057 804 1092 846 ex
1114 793 1232 870 virgil,

177 879 311 949 AEnesil.,
335 897 472 948 n‚721:
1229 907 1238 918 ·

289 1060 346 1108 uec
356 1053 431 1114 letus,
445 1051 512 1103 lotos
525 1053 666 1105 bunseroe..
681 1091 688 1106 .
701 1089 728 1106 ..

291 1176 314 1202 .,
326 1177 333 1192 .
346 1177 353 1190 .
366 1176 373 1190 .
385 1138 506 1188 insternor
520 1137 582 1204 pelle
595 1136 680 1188 leonis.
775 1135 779 1142 ’

222 1307 277 1361 Hic
294 1303 332 1382 (v.
348 1302 411 1382 46).
431 1307 530 1377 Nepos
547 1303 637 1358 Pollii.

224 1403 319 1472 Atque
338 1401 507 1454 esanunata
520 1398 631 1452 doleres
649 1395 686 1474 (v.
704 1394 765 1474 48).
787 1399 959 1458 «Verissime
972 1402 1108 1462 infantilis
1121 1408 1232 1492 simpli·

181 1494 253 1550 citas
269 1493 401 1550 Herculis
415 1491 586 1560 denotatur,
608 1491 691 1564 quasi
710 1491 842 1547 maluerit
860 1494 956 1551 virere
976 1509 1108 1556 venustas
1122 1501 1232 1558 bestio-

179 1585 248 1642 las:
272 1573 425 1660 pueriliter
444 1584 537 1639 lomna
563 1600 660 1638 earum
676 1593 790 1658 captus,
815 1584 932 1660 ignarus
953 1589 1056 1645 veneni
1078 1603 1107 1647 et
1127 1593 1233 1670 ingenii

180 1679 369 1752 serpentium,
390 1689 451 1734 turn
466 1675 575 1732 fraudis
589 1675 755 1732 novercalis.
771 1665 919 1750 Expressit
936 1680 1013 1737 bunc
1033 1683 1129 1740 locum
1143 1687 1232 1743 Sido-

180 1770 249 1826 nius
264 1769 461 1846 Epithalamio
479 1768 599 1826 Polemii
613 1779 642 1824 et
655 1771 801 1825 Araneolae
813 1771 852 1847 (v.
871 1771 926 1829 136
939 1771 1017 1851 sqq.)
1034 1795 1041 1829 ι

287 1947 402 2000 Ptrrulus
412 1945 453 1997 bic
466 1945 561 2012 gemino
575 1945 665 1996 cinctus
677 1955 788 2012 serpente
800 1963 908 1998 novercre
958 1947 960 1952 ’
1052 1949 1055 1954 ’

289 2030 380 2082 Inscius
394 2029 486 2080 stridet
496 2027 621 2092 monstris,
632 2028 765 2094 ludumque
776 2031 884 2095 putando

288 2113 404 2175 Insidias,
418 2114 477 2163 dum
490 2112 579 2173 neseis,
591 2121 666 2172 emet,
683 2113 799 2178 voltuque
812 2113 916 2164 dolentis

289 2197 414 2264 Exstingui
426 2197 513 2258 deflet,
525 2213 585 2263 quos
599 2197 650 2262 ipse
663 2195 793 2258 interficit,
805 2212 901 2262 ungues.
910 2221 923 2241 ι
935 2224 937 2232 1
977 2243 981 2256 ‚

181 2383 250 2437 llaec
267 2377 533 2448 Gronov.‚Diat1-.,
556 2397 585 2451 p.
605 2393 676 2452 129,
698 2376 753 2434 alia
766 2376 884 2452 insuper
902 2379 1023 2451 pulobre
1036 2379 1066 2434 in
1082 2381 1157 2438 bano
1173 2401 1233 2440 rem

180 2473 299 2529 addens.

222 2563 261 2642 (v.
283 2561 342 2642 51.)
366 2561 539 2639 Intelligitur
559 2561 607 2617 hio
626 2563 761 2618 Hercules
782 2564 904 2618 musicus
923 2565 968 2620 vel
995 2565 1178 2640 Musagetes,
1198 2567 1235 2624 de

180 2677 243 2734 quo
266 2657 384 2713 videndi
400 2656 523 2730 interpp.
548 2653 586 2710 nd
600 2654 701 2725 Osiri,
717 2657 813 2720 Fast,
829 2675 875 2725 v1,
890 2655 965 2728 812,
986 2667 1015 2713 et
1037 2655 1076 2712 ad
1097 2659 1235 2731 Sueten,

181 2755 276 2824 Aug„
297 2767 321 2804 c.
338 2767 384 2824 ²9·
496 2755 501 2764 '
1327 2727 1333 2742 ¹

223 2843 346 2915 Jamque
364 2842 428 2895 dles
440 2840 543 2894 aderat
557 2834 595 2912 (v.
607 2833 644 2891 55
660 2836 746 2915 squ).
766 2839 909 2894 Describit
922 2839 988 2896 idus
1002 2841 1129 2913 sextiles,
1142 2859 1235 2899 saeros

180 2935 296 2989 Hecate
309 2933 367 2988 sive
380 2931 479 2986 Dinnse
498 2949 506 2983 ε
527 2945 585 3002 que
603 2929 650 2985 die
669 2941 807 2986 matrone
820 2931 896 2987 laces
911 2931 1083 3005 portabant3
1101 2935 1168 2990 vide
1185 2935 1233 2990 in-

181 3036 276 3098 terpp.
293 3023 330 3080 ad
348 3022 449 3092 ond„
465 3023 565 3088 Fare,
580 3039 638 3091 nr,
658 3023 731 3095 269,
745 3033 774 3077 et
788 3023 822 3078 nl.
838 3039 884 3095 ap.
904 3024 1007 3078 Morbi.

229 3119 381 3191 Testesque
394 3117 510 3170 ululant
518 3131 578 3188 per
590 3114 672 3168 deuiis
681 3115 827 3188 Nymphae
844 3113 882 3191 (v.
900 3109 958 3193 75)
974 3117 1017 3172 Ex
1024 3115 1124 3192 vtr'git.
1133 3122 1212 3188 μὴ.
1225 3157 1234 3185 ,

182 3229 225 3280 rr,
246 3211 319 3280 268,
338 3208 369 3264 in
383 3207 483 3262 eadem
498 3205 661 3261 narratione
677 3225 686 3260 ε

290 3417 377 3434 .....
387 3384 534 3445 Sunnoque
543 3379 665 3428 ulularunt
678 3377 767 3430 rertioe
781 3379 907 3450 Nympbn.

224 3557 285 3612 Neo
302 3575 358 3630 quo
372 3553 496 3610 convivio
515 3554 636 3627 migrent
650 3549 688 3628 (v.
706 3550 763 3630 77).
779 3555 902 3628 supple,
923 3553 1081 3612 suadebant
1101 3553 1236 3613 instantes

180 3649 273 3708 nimbi
295 3667 437 3723 quaerere,
455 3667 491 3704 ex
513 3645 716 3720 sequentibus,
729 3658 761 3702 ut
784 3647 886 3704 Markl.
906 3646 1033 3718 monuit,
1054 3647 1106 3722 qui
1127 3647 1236 3720 primus

180 3746 241 3800 hoec
256 3754 333 3800 recte
347 3741 485 3798 distinxit.

225 3838 310 3892 Dicta
322 3834 412 3890 saeris
429 3830 468 3910 (v.
486 3831 543 3910 82).
559 3833 888 3904 Diceta3videMsn1n.

224 3942 386 3996 Juvenem...
407 3938 609 4012 Parthenopen
631 3936 669 4014 (v.
693 3936 753 4014 92).
767 3940 822 3996 Per
836 3950 865 3994 te
878 3937 1110 4008 revirescentem,
1129 3936 1236 3994 redivi-
1290 3983 1292 3986 .

181 4051 247 4090 vem
263 4051 407 4107 :namque
422 4042 483 4090 erat
504 4033 662 4100 antesessa
680 4050 740 4088 sevo
754 4029 819 4108 (inl.
835 4052 875 4103 tv,
889 4033 924 4100 8,
941 4027 1000 4104 55).

226 4125 362 4182 clausisti
373 4123 411 4202 (v.
432 4122 508 4202 ιω).
524 4126 599 4182 Vide
614 4125 652 4182 ad
667 4145 708 4193 ιι,
724 4143 758 4194 2,
782 4145 824 4195 ¹7·
