3156 5138
409 480 464 536 160
771 481 800 535 r.
823 480 945 536 runnu
967 479 1092 536 sraru
1355 479 1457 550 tvae.)

384 639 389 654 ·
406 608 523 676 Exitus
542 607 678 676 instanti
696 607 856 702 praemisit
872 602 1213 700 memhra'sepulcr0;

406 725 471 796 Sed
488 741 519 796 te
539 742 658 821 torpor
675 727 778 816 iners,
794 739 826 795 et
843 751 934 794 mors
951 725 1077 794 imitata
1092 725 1239 818 quietem

406 845 591 941 Explicuit,
610 845 761 942 falsoque
780 846 857 916 tulit
874 847 936 916 sub
953 849 1094 916 Tartara
1113 869 1241 914 somno.

393 985 395 992 ⁴
454 967 551 1056 Quos
570 961 633 1064 ego
647 983 728 1038 tunc
746 965 914 1064 gemitus?
931 968 1093 1036 comitum
1110 991 1229 1036 manus
1249 966 1350 1036 nuxia
1364 965 1453 1055 vidit,

403 1088 501 1158 Vidit
516 1105 549 1159 et
565 1089 755 1186 exemplum
774 1090 941 1186 genitrix,
960 1089 1140 1184 gavisaque
1156 1089 1249 1157 vovit

406 1208 493 1296 Qnae
512 1200 658 1280 lamentis
671 1209 732 1279 tuli
748 1237 757 1279 :
776 1208 907 1280 veniam
924 1207 1112 1297 concedite,
1130 1210 1270 1288 Manes,

404 1331 467 1399 Fas
484 1328 627 1419 dixisse,
640 1325 762 1425 'pater3
782 1354 859 1420 non¹
871 1327 1008 1399 tu'mihi
1023 1327 1121 1424 plura
1139 1328 1295 1399 dedisses.

453 1447 548 1521 Felix
563 1449 619 1521 ille
638 1467 768 1546 patrem
784 1452 899 1521 vacuis
915 1449 1139 1520 circumdedit
1153 1450 1262 1550 ulnis,

404 1569 533 1658 Vellet,
549 1587 583 1640 et
596 1569 709 1668 Elysia
725 1573 879 1667 quamvis
896 1574 931 1640 in
948 1571 1025 1642 sede
1038 1569 1204 1659 locatum,

404 1692 585 1787 Abripere,
599 1709 633 1763 et
648 1696 783 1764 Danaas
800 1693 922 1762 iterum
936 1701 1073 1788 portare
1091 1716 1151 1787 per
1165 1691 1302 1761 umbras
1315 1716 1325 1761 ε

403 1813 605 1882 Tentantem
619 1828 653 1882 et
667 1815 761 1884 vivos
776 1812 931 1883 molitum
945 1814 981 1881 in
995 1816 1135 1882 Tartara
1148 1836 1279 1908 gressus

404 1932 538 2004 Detulit
554 1930 691 2002 inferne
705 1937 798 2003 vates
813 1930 964 2028 longreva
980 1933 1107 2003 Dianae.

403 2055 440 2124 Si
460 2053 578 2150 chelyn
595 2051 772 2148 Odrysiam
784 2055 881 2148 pigro
898 2054 1081 2122 transmisit
1097 2056 1234 2123 Averno

402 2177 514 2246 Causa
531 2177 657 2263 minor;
670 2177 702 2245 ¹si
719 2173 926 2244 Thessalicas
945 2173 1276 2266 Admetoninoras,

403 2299 439 2368 Si
457 2299 582 2391 conjux
600 2293 691 2366 retro
708 2294 909 2392 Phylaceida
927 2295 1067 2390 rettulit⁴
1079 2297 1250 2385 umbram,

403 2421 474 2490 Cur
488 2417 574 2487 nihil
592 2432 724 2505 exoret,
740 2417 890 2512 genitor,
909 2414 1022 2512 chelys
1038 2431 1174 2488 auttua'
1192 2422 1327 2508 Manes,

400 2544 472 2610 Aut
486 2537 579 2608 mea?
599 2538 647 2624 fas
667 2539 750 2607 mihi
769 2540 813 2608 sit
830 2538 958 2633 patrios
978 2539 1174 2634 contingere
1196 2537 1337 2630 vultus,

401 2663 463 2731 Fas
477 2661 628 2755 junxisse
646 2685 781 2750 manus,
800 2675 835 2730 et
850 2658 903 2728 lex
920 2667 1129 2758 quaec'unque
1142 2675 1313 2755 sequatur.

448 2785 494 2851 At
515 2806 589 2871 vos,
605 2781 802 2852 umbrarum
816 2806 928 2878 reges,
949 2785 1142 2877 Ennaeaque
1157 2787 1177 2853 J
1180 2805 1263 2869 unu,

403 2905 436 2973 Si
460 2900 628 2973 laudanda
644 2897 783 2998 precor,
805 2891 906 2996 tedas
922 2903 1050 2974 auferte
1070 2928 1249 2998 comasque

337 3042 339 3050 ’
401 3023 646 3110 Eumenidurn3
663 3022 758 3094 nullo
777 3038 873 3094 sonet
886 3049 983 3120 asper
998 3025 1223 3119 janitorcre3

400 3143 671 3239 Centaurusque,
687 3145 877 3240 Hydraeque
892 3155 1023 3241 greges,
1039 3142 1243 3240 Scyllaeaque
1258 3161 1406 3218 monstra

400 3268 535 3336 Aversae
549 3265 665 3337 celent¹
678 3264 1038 3362 valles3'umhramque
1052 3266 1202 3355 senilem'

398 3388 523 3457 Invitet
535 3388 639 3481 ripis,
658 3386 806 3458 discussa
821 3385 934 3481 plehe,
948 3389 1113 3482 supremis
1169 3478 1171 3487 Ι

399 3509 538 3593 Vector,
553 3517 590 3576 'et
605 3504 641 3576 in
659 3506 768 3576 media
788 3504 1135 3601 componat'mclliter
1151 3507 1236 3605 alga.

448 3633 514 3716 Ite,
535 3629 583 3722 pii
599 3629 739 3717 Manes,
759 3628 971 3722 Graiumque
986 3629 1139 3698 examina
1156 3645 1288 3717 vatum,

401 3746 636 3843 Illustremque
652 3749 798 3818 animani
815 3747 960 3818 Lethaeis
975 3751 1122 3846 spargite
1139 3750 1254 3838 sertis,

402 3874 445 3941 Et
459 3885 644 3940 monstrate
662 3871 801 3960 nemus,
821 3895 889 3967 quo
910 3868 1004 3940 nulla
1023 3870 1147 3966 irrupit
1163 3872 1326 3966 Erinnys,

401 3995 441 4060 In
454 4018 521 4086 quo
538 3989 722 4079 falsa'dies',
740 3990 893 4088 coeloq'ue
910 3990 1103 4062 simillimus
1120 4017 1186 4060 aer.

403 4112 486 4184 Inde
504 4129 616 4183 temen
633 4116 746 4183 venias
764 4112 900 4202 melior,
920 4140 986 4210 qua
1006 4128 1105 4209 porta
1123 4112 1311 4211 malignum
