3206 5136
403 536 460 599 274
773 527 1075 588 annornnonus

443 647 533 702 Mons*
543 644 583 724 (v.
604 665 640 718 ²7
655 642 734 725 sqq.)
750 649 824 708 Vide
835 643 873 704 ad
892 664 920 716 1,
940 644 978 716 6,
994 643 1049 716 265
1063 655 1092 701 et
1107 645 1144 702 de
1157 649 1338 721 metaphora,
1355 670 1381 706 r.
1399 655 1444 724 ιι,

401 737 460 794 vid.
480 740 597 794 Maur.

444 831 583 888 Secreta...
604 828 733 886 camara
752 826 791 905 (v.
812 823 874 904 55)
897 829 994 891 ιδιιιιὶ
1015 830 1140 886 carmina
1155 831 1371 904 reconditiora,
1390 853 1445 890 non

402 921 565 998 quotidiani
584 932 699 994 cantus,
714 931 748 976 ut
761 922 848 978 uestis
861 924 989 995 seposita
1006 922 1085 996 apud
1101 923 1257 980 Tibullum
1267 947 1280 974 ι
1294 928 1411 986 tum,

440 1017 576 1072 Patria...
599 1027 721 1071 senecta
738 1009 776 1092 (r.
796 1010 858 1091 58).
879 1015 1070 1088 Vespasianus
1091 1017 1166 1073 enim
1179 1017 1251 1073 vixit
1265 1020 1346 1075 annis
1367 1039 1445 1078 sexa-

402 1110 482 1187 ginta
507 1129 620 1166 novem.
645 1110 746 1166 Paullo
772 1119 838 1180 post
854 1108 957 1166 Markl.
976 1129 993 1166 e
1013 1110 1121 1166 Barthii
1139 1111 1214 1184 conj.
1231 1132 1239 1166 :
1259 1135 1272 1162 ι
1288 1113 1447 1191 habilesque
1527 1113 1533 1122 “

403 1203 505 1260 domos
509 1227 540 1276 ,ι
554 1202 636 1278 qnod
649 1199 845 1276 recipiendum
859 1212 921 1258 erat
933 1221 989 1277 pm
1002 1203 1140 1259 «habites.
1151 1229 1164 1253 ι

443 1299 537 1354 earu.
552 1298 604 1353 111.
619 1293 866 1370 Hendecasyllabi.
880 1297 997 1366 Fossae,
1011 1315 1076 1371 quae
1089 1297 1163 1352 viam
1178 1296 1302 1370 Appiam
1317 1297 1347 1352 in
1361 1310 1449 1355 unctu

401 1388 584 1446 terracinensi
599 1386 744 1445 difficilem
752 1385 911 1446 reddebant
918 1387 988 1465 (vid.
995 1389 1119 1464 interpp.
1130 1389 1168 1446 ad
1182 1391 1303 1462 Horat,
1318 1391 1377 1446 Sat.
1385 1410 1405 1464 r,
1414 1393 1448 1469 5),

402 1482 583 1540 Domitianus
597 1481 690 1538 arenis
698 1475 840 1554 congesta
853 1481 975 1555 replerit
988 1491 1016 1538 et
1030 1481 1107 1538 silice
1115 1482 1190 1538 viam
1204 1481 1311 1538 stravit.
1321 1486 1449 1541 celebrat

402 1576 459 1630 hoe
473 1574 557 1630 etiam
571 1571 723 1642 sturmis,
737 1591 784 1643 ιιι,
805 1580 870 1638 1'04.

444 1668 505 1722 Nee
509 1667 627 1740 frangit
640 1662 678 1742 (r.
693 1683 709 1734 7
732 1663 798 1756 ιφ).
814 1667 893 1720 Nero
911 1666 1016 1721 fossam
1036 1665 1073 1722 ad
1089 1666 1284 1742 navigandum
1297 1686 1353 1741 per
1366 1671 1448 1725 Porr-

403 1760 498 1834 ptinas
513 1758 634 1834 paludes
648 1775 665 1814 a
679 1757 786 1816 baiano
798 1756 873 1834 (aliis
885 1757 922 1813 ab
936 1755 1055 1836 averno}
1069 1759 1134 1814 lacn
1146 1759 1316 1834 Ostiamque
1337 1761 1450 1818 mehor-

404 1864 492 1910 verat.
512 1854 598 1908 Plura
611 1870 639 1906 r.
659 1869 704 1925 ap.
719 1853 865 1921 Gronov„
886 1869 910 1905 c.
929 1868 1031 1906 xxxrx.

448 1947 572 2003 Coronat
583 1943 622 2022 (r.
640 1963 676 1999 ιο
691 1941 755 2022 sq).
770 1943 900 2014 Claudit,
915 1941 997 2018 ligat3
1011 1963 1038 2000 v.
1054 1947 1163 2016 Gaura,
1177 1963 1207 2019 p.
1224 1952 1282 2012 alo
1297 1965 1391 2021 sq.-
1401 1949 1453 2020 Qui

405 2051 495 2096 eastre
514 2039 614 2094 Cereri.
629 2037 805 2094 Referuntur
817 2037 890 2106 haec,
909 2037 1079 2094 observante
1098 2037 1264 2110 Bernartio,
1279 2039 1317 2094 ad
1331 2039 1451 2096 edictum

405 2129 563 2189 Domitiani
577 2154 589 2179 ι
604 2129 791 2185 existimantis
799 2129 889 2185 nimio
896 2129 1046 2185 vinearum
1063 2129 1159 2187 studio
1178 2131 1284 2206 negligi
1298 2151 1366 2188 arva
1386 2152 1394 2187 ι
1412 2134 1452 2189 lle

407 2224 471 2300 quis
485 2224 515 2278 in
530 2221 611 2278 ltalia
625 2223 794 2288 novellaret,
808 2231 896 2295 atque
908 2221 939 2275 in
952 2222 1108 2294 provinciis
1122 2222 1217 2278 vineta
1231 2223 1452 2280 succiderentur.

405 2317 518 2387 relicta,
533 2315 585 2372 ubi
598 2315 772 2390 plurimum,
793 2313 913 2370 dimidia
924 2325 1021 2389 parte,
1035 2339 1048 2366 s
1064 2327 1097 2371 ut
1111 2315 1151 2372 ait
1163 2315 1300 2386 Sueton,
1315 2335 1341 2372 c.
1359 2337 1454 2373 vn.—

410 2413 467 2482 err'
480 2429 580 2466 censor
592 2409 732 2483 prnlrr'bet.
752 2408 828 2464 Vide
847 2408 885 2464 ad
901 2427 963 2479 111,
980 2416 1013 2478 4,
1033 2412 1079 2481 73.
1097 2413 1142 2465 De
1161 2408 1287 2465 aediliciis
1301 2411 1454 2467 Domitiani

408 2503 504 2559 omnia
523 2503 582 2558 fere
595 2511 680 2570 nota,
698 2501 816 2574 insuper
829 2499 959 2575 exposita
973 2520 989 2557 a
1004 2503 1104 2558 Markl.
1123 2501 1160 2557 ad
1173 2520 1227 2557 vss.
1245 2501 1294 2571 16,
1311 2521 1357 2576 19,
1373 2521 1419 2559 ao.

448 2598 521 2665 Hic,
535 2613 615 2650 coerro
630 2595 724 2649 bibulo
738 2592 776 2671 (v.
797 2612 834 2650 ao
854 2590 939 2672 sqq).
954 2595 1021 2650 Haec
1036 2595 1076 2650 ita‘
1090 2613 1106 2650 a
1119 2593 1221 2650 Mar-kl.
1236 2592 1351 2666 relicta,
1372 2615 1455 2652 enar·

407 2699 488 2746 rante
508 2689 614 2743 horum
624 2698 761 2742 versuum
780 2687 952 2746 sententiam
972 2686 1041 2761 ipsis
1054 2687 1114 2746 tere
1135 2686 1217 2743 Statii
1231 2687 1326 2744 verbis
1347 2707 1355 2742 ι
1373 2713 1385 2739 ι
1406 2689 1458 2744 Via

407 2780 523 2855 publica
532 2779 570 2834 ad
579 2780 695 2848 Cumas,
705 2779 797 2834 sinum
812 2797 970 2854 gauranum
985 2789 1013 2835 et
1022 2779 1116 2849 Baias,
1129 2778 1250 2853 pessime
1264 2779 1369 2836 affecta
1379 2791 1459 2837 erat:

409 2873 519 2948 quippe
549 2871 663 2928 obsessa
689 2871 835 2946 profunda
853 2883 882 2928 et
904 2874 984 2946 gravi
1005 2889 1103 2940 arena,
1116 2872 1190 2928 adeo
1215 2881 1248 2927 nt
1270 2897 1283 2922 a
1305 2872 1391 2949 piger
1409 2893 1459 2930 are

408 2977 507 3022 vectus
525 2964 585 3020 udo
599 2975 714 3020 nutaret
734 2982 820 3020 cruce
833 2965 962 3038 pendula
978 2963 1083 3034 viator,
1099 2963 1287 3038 sorberetque
1306 2975 1387 3021 rotas
1401 2985 1461 3022 ma-

409 3061 487 3134 ligna
499 3061 590 3114 tellus.
604 3083 615 3106 υ
630 3060 690 3113 Nec
704 3057 859 3132 quicquam
876 3057 1048 3131 proficeres,
1063 3057 1086 3113 si
1099 3058 1175 3112 viam
1194 3057 1341 3131 publicam
1356 3059 1461 3115 evitare

409 3153 495 3209 velles
514 3162 542 3207 et
555 3170 608 3227 per
622 3171 739 3226 campos
756 3151 990 3224 circumjacentes
1006 3149 1061 3206 iter
1077 3149 1170 3206 lacere
1190 3170 1196 3204 :
1212 3148 1322 3224 quippe
1337 3151 1460 3208 Vultur-

409 3265 464 3303 nus
478 3245 568 3302 amnis
588 3263 638 3300 eos
657 3245 774 3299 tenebat
791 3264 802 3318 ¹:
825 3244 899 3299 adeo
914 3254 947 3299 ut
968 3244 1072 3318 «plebs
1086 3241 1116 3298 in
1134 3242 1235 3298 mediis
1255 3243 1343 3300 latina
1357 3245 1462 3319 campis

410 3339 540 3394 horreret
553 3338 626 3392 mala
640 3334 838 3410 navigationis.
855 3361 867 3386 ι
881 3335 998 3410 Duplici
1012 3336 1080 3392 huic
1093 3335 1279 3392 incommodo
1294 3339 1462 3393 occurrebat

411 3428 592 3486 Domitianus
612 3450 618 3483 :
637 3447 778 3503 namque,
793 3428 896 3489 effossa
916 3428 1007 3486 veteri
1026 3428 1162 3497 materia,
1182 3427 1323 3484 carmentis
1345 3439 1374 3484 et
1394 3449 1463 3484 rrum

411 3518 516 3592 injectu
532 3522 611 3576 viam
629 3520 775 3575 solidabat
792 3541 801 3573 .·
816 3539 933 3594 campos
953 3539 1022 3578 vero
1037 3519 1178 3591 restituit,
1191 3519 1327 3578 siccando
1346 3523 1462 3576 lacarias

412 3623 456 3682 et,
478 3625 570 3686 ponte
594 3610 686 3682 facto,
708 3612 886 3668 Vulturnum
909 3612 938 3668 in
957 3613 1089 3669 ordinem
1103 3623 1132 3667 et
1154 3613 1266 3667 alveum
1281 3631 1365 3668 snum
1385 3612 1463 3668 redi-

410 3703 516 3779 gendo.
537 3729 549 3756 ι
571 3707 615 3760 De
631 3705 746 3779 poetica
771 3703 918 3763 locutione
939 3707 1040 3762 Romoe
1059 3704 1185 3761 admovit
1210 3705 1320 3772 Baias,
1345 3706 1463 3780 patetne

412 3797 470 3872 egit
483 3798 630 3867 Gronov„
643 3815 672 3870 p.
688 3796 744 3856 258
760 3816 824 3874 sqq.

455 3889 561 3946 Graves
574 3907 678 3944 arenas
694 3886 733 3966 (v.
749 3888 808 3967 23).
826 3891 916 3948 Vetus
931 3889 1027 3966 aliqua
1042 3890 1087 3947 ed.
1103 3891 1238 3948 exhibere
1258 3889 1389 3948 dicitur:
1404 3908 1466 3964 pu-

413 3994 469 4038 rrer
482 4003 492 4036 :
507 4001 534 4036 r.
554 3985 672 4038 Mrann.
692 3982 846 4056 Speciose;
860 3983 911 4039 sed
928 3995 1053 4042 erratum
1072 3985 1193 4042 toruae
1207 3985 1245 4042 ob
1260 4005 1288 4039 v.
1306 3984 1371 4041 126.

452 4077 561 4132 Latina
575 4073 763 4154 (v.¹3o).Cod.
777 4077 864 4134 Paris.
876 4095 976 4152 margo
993 4097 999 4132 :
1015 4079 1123 4134 [arina
1132 4118 1141 4144 ‚
1157 4097 1222 4134 curn
1236 4079 1272 4152 gt.
1290 4098 1297 4132 t
1315 4078 1466 4132 Larinates

413 4170 441 4224 t'rt
459 4171 623 4246 Camparu'a
637 4183 710 4226 sunt.
