3080 5136
381 391 437 466 29⁶
675 389 931 446 acnraamuos
954 387 1069 444 mann
1089 389 1126 443 11.
1339 385 1378 450 (v.
1390 389 1451 446 μω

383 522 470 590 Ante
487 517 552 588 nisi
570 516 728 610 inspectis
746 513 881 584 admisit
894 513 936 582 ad
952 512 1065 583 oscula
1083 511 1165 583 telis.

383 643 526 732 Jamque
546 651 580 706 ct
599 636 641 705 ad
658 634 818 704 ensiferos
837 635 949 704 vicina
969 635 1060 729 pube
1080 633 1247 704 tumultus

350 783 354 790 ·
380 761 533 856 Aptabar
559 784 567 828 :
590 783 653 827 nec
677 781 730 826 me
756 753 825 826 ulla
845 755 906 826 leri
926 758 1090 827 Mavortis
1107 755 1227 854 imago

379 883 548 954 Praeteriit
568 907 576 949 :
601 877 720 964 didici,
742 902 811 972 quo
831 880 968 947 Paeones
987 903 1082 948 arma
1098 893 1232 960 rotatu,

378 1007 459 1094 Quo
480 1005 620 1071 Macetae
641 1025 702 1069 sua
723 1024 800 1095 gesa
821 1002 946 1086 citent,
964 1025 1034 1095 quo
1057 1001 1194 1069 turbine
1210 1016 1362 1070 caestum

378 1129 609 1211 Sauromates,
632 1120 819 1216 falcemque
835 1123 961 1210 Getes,
982 1145 1166 1216 arcumque
1190 1117 1357 1193 Gelonus

377 1245 563 1334 Tenderet,
579 1259 613 1313 et
630 1244 722 1313 llexae
735 1241 928 1312 Balearicus
945 1258 1040 1312 actor
1062 1244 1200 1314 habenae
1354 1243 1357 1246 ’

378 1370 457 1457 Quo
472 1391 634 1463 suspensa
647 1365 784 1436 trahens
798 1364 939 1435 libraret
954 1363 1094 1435 vulnera
1109 1382 1219 1450 tortu,
1342 1360 1345 1364 ⁵

377 1487 551 1558 Inclusum
569 1488 702 1580 quoties
717 1485 935 1582 distringeret
951 1511 1027 1556 aera
1042 1513 1134 1583 gyro.

377 1612 444 1678 Vix
465 1633 651 1678 memorem
675 1622 833 1696 cunctos,
851 1609 914 1678 etsi
935 1608 1039 1678 modo
1058 1611 1244 1705 gessimus,
1266 1627 1381 1681 actus.

379 1735 479 1802 Nunc
496 1732 596 1800 docet
621 1729 751 1825 ingenti
770 1727 858 1798 saltu
877 1755 932 1798 me
950 1731 1095 1826 jungere
1112 1728 1243 1801 fossas:

379 1855 478 1923 Nunc
499 1867 604 1947 caput
625 1852 706 1920 aerii
727 1851 944 1920 scandentem
965 1851 1130 1946 prendere
1149 1857 1296 1942 montis,

379 1974 460 2063 Quo
478 1973 606 2069 fugitur
629 1997 688 2067 per
708 1970 808 2066 plana
826 1971 961 2066 gradu:
983 1972 1230 2068 simulacraque
1251 2001 1394 2071 pugnae,

380 2095 542 2189 Excipere
558 2093 724 2162 immissos
739 2107 880 2161 curvato
900 2094 1049 2162 umbone
1069 2091 1230 2182 molares,

378 2216 612 2309 Ardentesque
631 2215 759 2283 intrare
777 2239 887 2302 casas,
909 2215 1125 2309 peditemque
1140 2215 1296 2286 volantes

381 2339 507 2408 Sistere
530 2335 760 2434 quadrijugos.
780 2337 942 2425 Memini,
960 2337 1193 2433 rapidissimus
1214 2339 1287 2408 ibat

381 2459 550 2528 Imbribus
568 2457 712 2528 assiduis
734 2471 871 2551 pastus,
893 2458 1096 2552 nivibusque
1114 2458 1231 2530 solutis
1322 2539 1326 2544 ,

378 2579 576 2676 Sperchios,
595 2576 774 2672 vulsasque
799 2579 910 2649 trabes
926 2595 959 2648 et
978 2605 1056 2649 sara
1078 2579 1226 2665 ferebat;

378 2704 496 2791 Quum
513 2725 568 2770 me
586 2699 643 2770 ille
660 2700 862 2786 immissum,
883 2695 950 2794 qua
974 2703 1092 2770 saevior
1112 2704 1256 2796 impetus
1276 2704 1396 2792 undae,

380 2825 477 2892 Stare
491 2823 590 2917 jubet
609 2837 746 2906 contra,
765 2822 982 2917 tumidosque
1000 2821 1163 2919 repellere
1185 2824 1328 2910 fluctus,

379 2947 475 3036 Quos
494 2946 552 3013 vix
573 2946 642 3039 ipse
663 2944 771 3039 gradu
794 2945 893 3014 toties
916 2945 1072 3014 obstante
1092 2944 1231 3016 tulisset.

380 3067 518 3136 Stabam
536 3064 709 3160 equidem,
729 3089 791 3136 nec
806 3091 861 3134 me
877 3066 1045 3136 referebat
1066 3069 1217 3137 concitus
1238 3070 1368 3156 amnis,

379 3191 423 3258 Et
440 3185 515 3256 latae
535 3185 646 3282 caligo
664 3187 727 3255 viae
745 3212 752 3254 :
772 3186 864 3257 ferus
882 3185 941 3280 ille
963 3190 1084 3257 minari

380 3314 536 3403 Desuper
559 3308 777 3396 incumbens,
794 3309 974 3402 verbisque
995 3335 1114 3405 urgere
1129 3308 1305 3406 pudorem.

301 3455 305 3461 ·
380 3433 453 3502 Nec
468 3431 533 3500 nisi
544 3430 658 3523 jussus
672 3429 741 3498 abii
757 3455 765 3496 ε
783 3431 830 3498 sic
847 3454 901 3498 me
916 3428 1069 3500 sublimis
1083 3432 1202 3526 agebat

380 3549 516 3636 Gloria,
532 3576 594 3620 ncc
613 3551 688 3619 duri
709 3564 804 3622 tanto
824 3551 887 3620 sub
904 3567 988 3622 teste
1003 3549 1143 3622 labores.
1209 3599 1226 3626 ι

381 3675 468 3743 Nam
486 3670 605 3768 procul
620 3670 783 3742 OEbalios
797 3673 831 3740 in
846 3673 962 3742 nubila
977 3672 1123 3744 condere
1136 3674 1242 3745 discos

381 3799 424 3864 Et
442 3792 605 3888 liquidam
626 3791 753 3861 nodare
778 3789 894 3886 palen,
913 3807 945 3862 et
967 3819 1124 3890 spargere
1143 3811 1274 3880 caestus,

382 3915 498 3985 Ludus
517 3930 611 4002 erat,
637 3915 839 4008 requiesque
860 3915 942 3982 milri
959 3941 966 3981 :
985 3941 1046 3983 nec
1060 3917 1168 4010 major
1183 3918 1216 3985 in
1234 3919 1304 3986 istis

382 4037 505 4124 Sudor,
521 4034 698 4130 Apollineo
714 4059 815 4126 quam
831 4034 886 4103 fila
901 4039 1054 4104 sonantia
1075 4036 1201 4131 plectro
