3172 5142
96 449 141 503 tv·
160 435 238 505 505-)
399 443 621 500 rnnssrnos
642 443 877 504 irrentus,
1115 441 1168 498 133

97 569 192 636 Hoc
211 563 327 637 molita
348 565 461 636 nefas?
482 568 585 638 citius·
597 593 651 636 me
670 567 812 637 fulmina
829 583 962 655 contra,

97 685 315 776 Infandum,
335 712 448 776 ruere,
468 702 501 755 et
520 711 643 781 magno
663 686 934 782 bellarerparenti
972 719 974 726 ·
997 737 1002 746 .

99 806 290 902 Adspiciat
310 833 318 881 :
338 831 444 901 genus
462 807 542 876 huic
561 807 575 874 :¹
589 807 647 876 sed
658 809 977 901 mitto‘agnoscere',
996 811 1131 904 quando

101 929 166 996 Tu
188 927 321 997 diversa
337 927 454 998 foves:
476 952 538 997 nec
557 929 585 997 si
604 930 715 1023 ipsum
734 929 886 998 cominus
906 925 1042 1023 Hyllum

101 1046 246 1140 Tydeos
264 1048 360 1118 hasta
380 1049 446 1136 tui,
466 1049 641 1149 stygioque
659 1074 700 1117 ex
714 1049 800 1118 orbe
818 1051 991 1119 remissum

107 1167 362 1263 Amphitryona
379 1183 473 1264 petat
492 1195 500 1237 ε
524 1184 636 1258 teneo,
654 1183 890 1263 aeternumque·
903 1171 1021 1241 tenebo

105 1289 292 1378 Quantum
312 1288 383 1358 haec
402 1289 479 1358 diva
497 1312 634 1378 manus,
654 1290 785 1382 quoties
804 1289 974 1360 sudaverit
989 1295 1067 1386 regis

106 1409 183 1476 Ista
201 1407 303 1494 mihi,
323 1407 416 1477 duris
436 1407 581 1478 famulus
601 1432 706 1501 quum
718 1410 855 1478 casibus
874 1405 989 1480 omnes

108 1529 240 1596 Lustro
259 1551 364 1620 vagus
383 1541 486 1596 terras
507 1554 515 1594 ε
536 1529 609 1622 ipsa
629 1524 709 1596 heu!
730 1529 948 1600 comes'invia
965 1555 1096 1600 mecum

109 1649 273 1735 Tartara,
294 1647 330 1714 ni
350 1649 496 1742 Superos
516 1646 670 1716 Acheron
690 1646 1004 1736 excluderet,·'isses.

109 1769 167 1835 Tu
186 1780 332 1861 patrem,
350 1765 537 1862 coelumque
556 1765 640 1834 milri
659 1791 668 1834 ε
689 1767 764 1859 quis
785 1781 878 1835 tante
898 1767 1004 1838 relatu

111 1886 255 1981 AEquet?
275 1886 362 1956 habe
381 1901 483 1975 totas,
502 1887 530 1954 si
549 1909 648 1955 mens*
662 1885 869 1974 exscindere,
889 1886 1032 1958 Thebas.

114 2007 209 2078 Cedo
225 2009 395 2102 equidem,
412 2009 612 2101 veniamque
630 2030 786 2101 precor.»
805 2010 860 2077 Sic
879 2032 974 2078 orsus
993 2011 1118 2079 abibat.

113 2127 250 2198 Pallada
269 2128 393 2199 mulcet
411 2128 523 2198 honos'
541 2155 549 2196 :
566 2127 671 2198 'rediit
688 2127 809 2198 ardore
826 2130 965 2197 remisso

115 2246 255 2337 Vultus,
275 2250 427 2318 etcrecti
445 2248 603 2318 sedertmt
620 2249 765 2343 pectoris
785 2271 922 2341 angues.
955 2297 957 2300 -

163 2353 272 2438 Sentit
289 2369 397 2438 abisse
415 2371 524 2438 Deum
545 2395 554 2436 :
575 2366 679 2437 levius
699 2368 877 2437 Cadmeius
897 2372 1035 2437 Haemon

115 2487 195 2558 Tela
213 2503 318 2578 rotat,
337 2487 498 2582 nulloque
515 2512 654 2557 manum
674 2490 847 2583 cognoscit
865 2489 901 2556 in
921 2489 1002 2560 ictu.

115 2615 212 2682 Tunc
230 2613 336 2708 magis
354 2627 455 2706 atque
473 2613 578 2705 magis
597 2614 685 2680 vires
704 2614 903 2706 animusque
922 2613 1099 2701 recedunt,

115 2737 186 2804 Nec
202 2733 314 2830 pudor
330 2735 379 2803 ire
398 2747 488 2802 retro
509 2759 518 2801 :
540 2732 711 2802 cedentem
730 2732 900 2802 acheloius
919 2733 1018 2802 heros

115 2855 264 2950 Impetit,
284 2868 317 2924 et
335 2853 462 2923 librans
481 2855 541 2922 uni
558 2848 621 2921 sibi
641 2851 764 2922 missile
784 2852 906 2942 telum,

117 2975 246 3044 Direxit
260 2975 385 3067 jactus,
406 2998 542 3044 suinmae
561 2999 629 3067 qua
647 2975 798 3068 margine
816 2998 940 3068 parmae

118 3102 187 3168 Ima
203 3096 420 3192 sedetgalea,
441 3111 474 3166 et
491 3095 601 3190 juguli
621 3094 735 3164 vitalia
754 3095 877 3166 lucent.

119 3221 189 3290 Nec
204 3219 361 3288 frustrate
376 3241 512 3305 manus,
531 3223 739 3308 mortemque
758 3218 933 3285 invenerat
951 3216 1067 3304 heste3

120 3339 181 3409 Sed
200 3339 369 3435 prohihet,
391 3319 608 3432 paullumque
627 3336 758 3406 humeri
778 3335 882 3405 libare
902 3337 1027 3406 sinistri

121 3459 276 3548 Praebuit,
296 3475 330 3529 et
347 3459 467 3528 merito
485 3459 593 3552 parcit
611 3457 763 3526 Tritonia
782 3456 890 3526 fratri.

121 3578 176 3649 llle
191 3595 301 3650 tamen
321 3605 383 3649 nec
399 3593 487 3648 stare
503 3577 594 3666 loco,
613 3602 675 3646 nec
694 3579 846 3646 cominus
867 3579 914 3646 ire

81 3725 85 3732 ·
122 3699 282 3795 Amplius,
302 3715 361 3770 aut
377 3677 489 3769 vtiltus
508 3698 608 3768 audet
627 3697 772 3793 perferre
790 3699 922 3766 cruenti

122 3821 245 3915 Tydeos
264 3848 272 3890 :
293 3845 380 3915 aegra
399 3821 512 3889 animo
530 3820 597 3905 ris,
618 3825 657 3886 ac
675 3817 797 3888 fidncia
816 3820 924 3886 cessit.

166 3942 282 4034 Qualis
301 3946 475 4037 setigeram
492 3940 612 4011 lucana
632 3938 767 4034 'cuspide
786 3938 930 4008 frontem

124 4065 257 4134 Strictus
275 4090 366 4159 aper,
384 4065 516 4158 penitus
533 4063 587 4131 cui
604 4086 672 4129 non
693 4059 815 4128 infossa
834 4060 970 4129 cerebro
