3172 5142
206 412 242 470 lt·-
256 413 327 472 tta-t
528 407 741 464 THEBAIDOS
763 408 874 462 uana
894 407 945 462 vl.
1025 403 1027 406 ’

205 539 281 604 Jam
297 535 391 628 prior
405 531 579 618 OEclides,
594 533 708 626 etjam
724 558 793 600 non
808 535 924 602 tertius
939 533 1009 601 ibat

208 655 385 742 Admetus,
403 652 479 734 laxo
496 678 601 747 quum
618 653 752 722 tandem
769 678 809 722 ex
825 654 907 721 orbe
923 651 1081 722 reductus

208 777 391 867 AEquorc‘us
411 776 544 867 sonipes
564 775 703 868 premit,
724 773 901 866 evaditque
921 798 1102 868 parumper

207 897 349 964 Gavisos
367 920 374 962 :
394 895 483 964 subit
499 911 587 964 astra
606 896 732 989 fragor,
753 893 941 987 coelumque
960 896 1136 980 tremiscit,

208 1016 398 1108 Omniaque
414 1040 551 1085 excusso
569 1031 707 1111 patuere
726 1014 841 1084 sedilia
858 1015 971 1110 vulgo.

209 1134 274 1204 Sed
296 1159 356 1204 nec
375 1133 445 1203 lora
467 1136 571 1230 regit,
592 1159 654 1204 nec
676 1135 813 1203 verbera
834 1133 978 1230 pallidus
1000 1134 1093 1204 addit

209 1253 412 1325 Labdacides
434 1279 441 1322 :
465 1252 550 1323 lassa
571 1253 673 1323 veluti
693 1257 823 1323 ratione
843 1256 1001 1349 magister

208 1379 251 1444 In
268 1374 404 1462 fluetus,
424 1376 458 1442 in
478 1355 557 1442 saxa
573 1375 657 1458 ruit;
674 1385 736 1443 nec
748 1377 817 1467 jam
833 1374 976 1468 amplius
993 1390 1083 1444 astra

210 1495 371 1589 Respicit,
387 1509 422 1562 et
434 1494 557 1564 victam
572 1495 714 1587 projecit
728 1495 859 1562 casibus
875 1508 992 1564 artem.

259 1617 388 1683 Rursus
405 1615 591 1708 praecipites
609 1615 643 1681 in
660 1628 750 1682 recta
767 1638 805 1682 ac
823 1613 919 1682 devia
936 1615 1044 1708 campi

211 1733 412 1828 Obliquant,
427 1732 634 1826 tenduntque
649 1735 732 1822 vias3
749 1736 870 1802 iterum
885 1735 1002 1803 axibus
1017 1760 1093 1806 axes

211 1853 349 1942 lnllicti,
369 1854 537 1946 radiisque
558 1868 638 1921 rotae
659 1880 667 1922 ε
688 1879 752 1948 pax
772 1853 880 1941 nulla,
901 1853 1058 1949 fidesque.

214 1972 304 2042 Bella
317 1974 387 2069 geri
402 1973 492 2042 ferro
506 1971 628 2058 levius;
645 1971 733 2042 bella
746 1973 884 2041 horrida
898 1973 1023 2044 credas.

214 2099 245 2162 ls
261 2093 356 2162 furor
372 2095 406 2161 in
422 2091 521 2162 lande
537 2106 588 2161 est
605 2119 613 2159 :
634 2093 820 2186 trepidant,
842 2108 1053 2188 mortemque
1070 2097 1251 2167 minantur.

213 2213 389 2306 Multaque
406 2213 604 2282 transversis
621 2213 865 2308 praestringitur
882 2212 1007 2307 ungula
1025 2214 1161 2308 campis.

213 2337 283 2404 Nec
298 2336 368 2427 jam
387 2332 558 2402 sufficiunt
578 2331 723 2419 stimuli,
744 2356 813 2401 non
835 2331 973 2402 verbera
993 2358 1001 2401 ε
1020 2358 1101 2404 voce

214 2443 480 2546 Nominibusque
496 2455 585 2522 cient
602 2451 751 2520 Pholoen
769 2451 945 2538 Admetus,
964 2466 997 2520 ct
1015 2455 1084 2521 Irin

212 2577 239 2640 F
241 2572 438 2666 nnalemque
458 2572 593 2659 Thoen;
616 2570 770 2664 rapidum
792 2573 960 2641 Danaeius
980 2597 1089 2667 augur

213 2693 378 2762 Ascheton
399 2691 626 2785 increpitans,
645 2691 869 2784 meritumque
889 2691 1051 2760 vocabula
1072 2696 1233 2787 Cycnum.

214 2811 317 2882 Audit
337 2826 370 2880 et
388 2809 590 2879 Herculcum
608 2813 766 2903 Strymon
784 2810 964 2899 Chromin,
980 2815 1123 2881 Euneon
1144 2813 1237 2882 audit

214 2935 334 3026 lgneus
354 2932 496 3004 AEchiou
517 2955 524 2998 :
547 2929 681 2998 tardum
701 2927 871 3023 Calydona
893 2929 1020 3000 lacessit

214 3052 466 3148 Hippodamus,
486 3052 683 3142 variumque
701 3051 812 3118 Thoas
832 3064 926 3144 rogat
949 3053 998 3120 ire
1016 3053 1208 3124 Podarcem.

216 3169 312 3240 Solus
332 3169 534 3240 Echionides
554 3183 687 3238 errante
705 3167 836 3238 silentia
857 3194 958 3238 curru

214 3295 335 3361 Moesta
356 3306 465 3374 tenet,
487 3291 684 3384 trepidaque
705 3291 800 3358 tunet
819 3315 853 3358 se
873 3315 955 3359 voce
976 3291 1082 3360 fateri.

264 3410 411 3480 Vixdum
429 3425 558 3505 coeptus
576 3410 671 3502 equis
689 3408 801 3493 labor,
822 3425 856 3478 et
871 3410 940 3502 jam
961 3410 1096 3504 pulvere
1115 3431 1237 3507 quarto

214 3537 379 3627 Campum
398 3532 534 3613 ineunt;
549 3531 687 3624 jamque
702 3544 735 3598 ct
757 3529 878 3623 tepidis
897 3530 1076 3601 sudoribus
1097 3549 1189 3606 artus

215 3653 344 3740 Elloeti3
364 3665 396 3720 et
415 3675 565 3720 crassum
587 3651 675 3745 rapit
693 3651 881 3744 ejectatque
899 3675 1057 3745 vaporem

215 3769 444 3866 Cornipedum
466 3769 632 3839 flammata
655 3771 727 3838 sitis
749 3796 756 3836 :
780 3794 841 3838 nec
857 3770 928 3863 jam
946 3773 1074 3869 integer
1096 3773 1160 3845 illis

215 3898 381 3988 Impetus,
401 3904 434 3960 et
454 3888 544 3985 longi
565 3889 772 3984 suspendunt
793 3888 848 3958 ilia
867 3889 974 3962 ssatus.

267 4015 331 4081 Hic
349 4035 470 4105 anceps
488 4009 623 4078 fortuna
644 4009 701 4078 diu
721 4010 898 4079 decernere
915 4015 1058 4105 primum
