3192 5148
158 471 259 526 rea.)
539 463 731 520 srnvauuu
749 459 860 520 nreuu
882 469 903 521 1.
941 437 946 472 ³

173 585 363 655 Suffectura
382 602 506 680 patent.
525 591 647 658 Vacuae
666 615 728 683 pro
746 593 869 686 cespite
888 608 984 662 terrae

173 707 273 774 AErea
293 708 417 800 captivi
436 709 564 777 crinem
583 711 661 778 terit
679 709 805 806 ungula
825 713 947 782 Rheni.

172 827 275 892 Hunc
294 840 328 894 et
345 826 536 896 Adrasteus
555 829 663 896 visum
681 831 886 900 extimuisset
901 832 1029 917 Arion3

172 947 217 1012 Et
234 958 334 1039 pavet
354 948 517 1041 aspicieus
534 947 673 1017 Ledaeus
693 949 734 1017 ab
753 949 823 1018 aede
841 953 1030 1044 propinqua

171 1063 327 1158 Cyllarus
347 1067 433 1135 :hic
451 1067 580 1136 domiui
599 1092 773 1162 nunquam
792 1049 935 1139 mutabit
951 1071 1099 1139 habenas

171 1188 358 1280 Perpetuus
378 1187 501 1274 frenis,
522 1200 622 1282 atque
642 1189 700 1255 uni
721 1190 842 1257 serviet
862 1204 961 1259 astro.

219 1306 288 1374 vix
306 1305 377 1375 sola
396 1306 582 1394 sufficiunt,
602 1309 791 1402 insessaque
812 1309 961 1402 pondere
982 1322 1076 1378 tanto

172 1425 295 1493 Subter
315 1424 450 1495 anhelat
468 1427 620 1508 humus:
642 1451 704 1496 nec
724 1428 814 1496 ferro
832 1441 891 1496 aut
910 1453 975 1497 aere
994 1428 1138 1516 laborat,

172 1543 238 1613 Sed
259 1545 375 1639 geni03
395 1560 508 1617 teneat
528 1547 681 1642 quamvis
700 1561 824 1616 aeterna
842 1547 1003 1641 crepido,

170 1667 257 1754 Quae
276 1669 499 1761 superingesti
520 1681 670 1761 portaret
689 1665 838 1736 culmina
858 1669 1002 1755 montis,

171 1783 385 1881 Coeliferique
404 1789 518 1856 attrita
538 1812 627 1881 genu
646 1785 798 1856 durasset
817 1786 970 1857 Atlantis.
1084 1845 1087 1850 .

170 1907 244 1974 Nec
265 1903 373 2000 longae
392 1893 646 1976 traxere'morae
667 1932 675 1974 ε
694 1908 790 2000 juvat
811 1906 1030 2000 ipsalahores

169 2029 294 2094 Forma
313 2028 376 2096 Dei
396 2050 563 2120 praesens3
584 2028 745 2121 operique
766 2028 896 2095 intenta
911 2029 1071 2120 juventus

170 2148 318 2214 Miratur
335 2145 411 2241 plus
432 2173 527 2240 posse
546 2172 676 2216 manus.
698 2147 825 2240 Strepit
844 2146 950 2215 ardua
969 2147 1067 2241 pulsu

170 2267 330 2336 Machina
349 2269 511 2337 continuo
531 2294 538 2336 :
561 2281 689 2361 septem
709 2291 771 2360 per
791 2264 939 2338 culmina
960 2282 1091 2338 montes

169 2388 201 2455 It
221 2385 345 2482 fragor,
367 2401 400 2456 et
421 2413 551 2483 magnae
569 2388 676 2456 vincit
694 2411 778 2480 vaga
799 2410 974 2455 murmura
992 2391 1116 2457 Romae.

169 2508 245 2601 Ipse
266 2506 331 2576 loci
350 2521 477 2595 custQS,
497 2509 592 2600 cujus
612 2520 739 2590 sacrata
759 2531 886 2600 uorago
919 2579 921 2586 ,
949 2581 952 2586 ,

170 2631 396 2722 Famosusque
415 2626 506 2696 lacus
527 2652 651 2711 nomen
669 2627 887 2714 memorabile
907 2641 1037 2714 servat,

169 2753 370 2818 innumeros
390 2749 463 2841 aeris
481 2749 624 2836 sonitus,
645 2762 679 2817 et
696 2749 835 2816 verbere
856 2747 975 2816 crebro

169 2873 217 2937 Ut
238 2870 341 2937 sensit
361 2869 491 2963 mugire
510 2868 641 2955 forum,
660 2882 773 2936 movet
790 2866 927 2935 horrida
948 2881 1062 2935 sancto
1160 2913 1161 2916 =

170 2992 242 3058 Ora
261 2989 345 3074 situ,
364 2990 551 3083 meritaque
571 3003 672 3082 caput
692 2984 883 3056 venerabile
901 2993 1047 3079 quercu„¹
1070 3047 1071 3050 ,

169 3113 220 3178 Ac
240 3109 388 3202 primum
404 3107 561 3202 ingentes
576 3107 733 3192 habitus,
754 3105 929 3199 lucemque
950 3129 1122 3190 coruscam

169 3229 313 3322 Expavit
333 3228 470 3320 majoris
491 3229 589 3322 equi3
610 3240 727 3321 terque
747 3226 853 3295 ardua
872 3228 988 3295 mersit

169 3347 268 3416 Colla
286 3346 361 3416 lacu
382 3348 532 3441 trepidus
553 3373 561 3414 :
583 3345 676 3416 laetus
696 3372 774 3416 mox
794 3346 932 3440 praeside
952 3347 1023 3414 viso
1046 3374 1053 3413 :

219 3498 237 3533 α
250 3467 368 3556 Salve,
388 3492 587 3563 magnorum
609 3467 720 3561 proles
741 3468 939 3562 genitorque
957 3466 1113 3552 deorum,

171 3588 337 3659 Auditum
354 3586 455 3683 longe
476 3614 602 3658 numen
622 3585 724 3656 mihi!
746 3590 848 3657 Nunc
868 3577 944 3656 mea
963 3585 1062 3672 felix,

170 3712 271 3780 Nunc
286 3707 479 3778 veneranda
495 3707 610 3804 palus,
631 3733 735 3802 quum
756 3721 789 3776 te
806 3733 912 3803 prope
932 3732 1046 3794 nosse,
1063 3719 1227 3799 tuumque

168 3828 365 3899 Immortale
382 3829 482 3923 jubar
501 3830 612 3898 vicina
631 3829 709 3898 sede
729 3829 816 3898 tueri

170 3952 386 4038 Concessum.
408 3949 516 4019 Semel
536 3963 653 4020 auctor
673 3975 755 4046 ege,
775 3951 998 4043 inventorque
1019 3947 1133 4017 salutis

170 4067 361 4158 Romuleae;
382 4083 418 4138 tu
438 4067 526 4138 bella
546 4071 659 4158 Jovis,
681 4085 716 4139 tu
737 4069 856 4164 proelia
876 4071 1006 4152 Rheni,
