3206 5136
152 497 198 558 (v.
211 499 282 563 sos.)
486 496 703 556 Tflaaamos
724 499 837 555 uttan
857 499 890 554 v.
1182 501 1219 564 tr

215 626 349 691 Interea
368 621 514 716 campis,
535 623 684 690 nemoris
702 646 795 690 sacer
816 621 940 690 horror
955 618 1087 707 Achaei,

155 743 346 836 Terrigena
362 742 508 837 erigitur
521 765 676 836 serpens,
696 756 873 835 tractuque
890 738 1000 812 soluto

111 895 115 900 ·
158 865 350 930 lmmanem
364 885 436 930 sese
448 861 559 948 vehit,
572 885 613 931 ac
628 875 706 955 post
719 875 813 956 terga
828 860 997 955 relinquit.

160 979 288 1050 Livida
303 980 357 1051 fax
371 979 498 1050 oculis:
516 979 636 1050 urmidi
650 996 718 1050 stat
733 983 768 1050 in
782 1005 843 1050 ore
857 982 977 1050 veneni

161 1106 294 1198 Spuma
308 1102 438 1188 virens,
456 1116 508 1170 ter
520 1100 637 1198 lingua
649 1102 779 1190 vibrat,
793 1116 889 1172 terna
903 1103 1038 1197 agmina
1053 1100 1175 1172 adunci

163 1226 302 1311 Dentis,
320 1236 355 1292 et
370 1237 495 1292 auratae
512 1221 656 1292 crudelis
673 1221 780 1318 gloria
797 1221 917 1292 fruatis

164 1346 348 1414 Prominet.
366 1344 505 1412 Inachio
521 1358 675 1414 sanctum
693 1343 806 1412 dixere
823 1343 970 1429 Tonanti

129 1461 147 1490 ³
165 1464 352 1561 Agricolae,
373 1465 427 1534 cui
446 1490 528 1534 cura
547 1462 632 1548 loci,
652 1478 686 1532 et
703 1463 909 1534 silvestribus
928 1465 994 1534 aris

164 1591 299 1680 Pauper
313 1585 421 1654 bonos
437 1611 444 1654 :
461 1611 552 1655 nunc
567 1583 623 1654 ille
638 1585 702 1654 Dei
717 1584 926 1656 circumdare
941 1582 1065 1678 templa

164 1707 260 1778 Orbe
279 1706 516 1802 sagolebam,
538 1707 665 1776 miserm
684 1731 774 1776 nunc
794 1707 917 1776 robora
936 1704 1026 1775 silvae

162 1829 306 1916 Aderit,
328 1843 362 1898 et
380 1843 490 1898 vastas
509 1842 626 1898 tenuat
642 1827 869 1922 complexibus
886 1852 998 1898 ornos.

164 1955 262 2046 Saepe
282 1975 383 2046 super
401 1949 520 2020 fluvios
540 1952 680 2046 geminae
695 1940 785 2044 jacet
805 1973 927 2044 aggere
943 1952 1025 2046 ripae

164 2075 375 2160 Continuus,
393 2072 607 2170 squamisque
625 2072 748 2140 incisus
764 2070 927 2140 adaestuat
944 2073 1061 2141 amnis.

165 2195 233 2265 Sed
255 2219 347 2264 nune
367 2189 491 2290 Ogygii
505 2195 605 2286 jussis
623 2193 759 2287 quando
780 2195 889 2262 omnis
909 2192 1046 2264 anhelat

163 2321 273 2386 Terra
290 2318 375 2402 Dei,
396 2292 598 2411 trepidaque
615 2314 720 2384 latent
738 2316 773 2383 in
793 2314 930 2408 pulvere
949 2315 1132 2410 Nymphae,

164 2442 293 2509 Saevior
311 2437 465 2516 anfractu
482 2436 625 2506 laterum
644 2437 779 2506 sinuosa
799 2451 999 2530 retorquens

164 2564 275 2656 Terga
291 2559 379 2647 solo,
395 2551 541 2652 siccique
553 2582 678 2628 nocens
692 2557 775 2627 furit
788 2559 866 2654 igne
879 2561 1007 2628 veneni.

166 2686 293 2777 Stagna
309 2706 385 2776 per,
400 2694 598 2773 arentesque
611 2678 720 2769 lacus,
735 2679 911 2774 fontesque
928 2704 1097 2775 repressos

168 2801 342 2891 Volvitur,
359 2816 392 2870 et
405 2803 520 2870 vacuis
535 2801 716 2870 fluviorum
731 2804 767 2870 in
783 2800 924 2872 vallibus
938 2819 1051 2873 errat:

167 2923 386 3016 incertusque
400 2923 451 2992 sui
469 2921 632 3016 liquidum
649 2948 740 2991 nunc
755 2947 833 2992 aera
847 2921 967 2994 lambit

167 3049 237 3116 Ore
255 3031 432 3137 supinato,
454 3068 544 3112 nune
562 3067 642 3112 arva
663 3047 831 3140 gementia
850 3045 971 3117 radens

169 3169 299 3235 Pronus
318 3163 464 3234 adheret
480 3163 602 3253 humo,
623 3167 651 3233 si
670 3165 753 3259 quid
771 3167 950 3238 viridantia
970 3169 1092 3240 sudent

167 3289 333 3356 Gramina
352 3312 360 3356 :
381 3309 545 3381 percusse
564 3284 681 3355 calidis
699 3285 866 3371 afflatibus
882 3289 1009 3378 herbae,

168 3400 247 3497 Qua
267 3406 345 3476 tulit
361 3399 437 3494 ora,
457 3407 599 3492 cadunt,
617 3409 826 3502 moriturque
843 3409 887 3479 ad
904 3410 1001 3481 sibila
1018 3437 1165 3508 campus.

215 3529 373 3617 Quantus
389 3528 431 3596 ab
447 3531 579 3598 Arctois
597 3528 804 3599 discriminat
819 3532 942 3602 aethera
958 3532 1116 3629 plaustris

165 3650 296 3744 Anguis
313 3649 356 3716 ad
372 3672 478 3742 usque
494 3650 621 3736 Notos,
639 3648 856 3746 alienumque
873 3655 941 3725 exit
957 3656 992 3724 in
1009 3657 1148 3726 orbem:

132 3764 135 3776 ¹
167 3768 323 3855 Quantus
343 3783 375 3836 et
396 3766 451 3836 ille
471 3770 564 3838 sacri
577 3771 675 3863 spiris
696 3773 823 3842 intorta
843 3775 1003 3846 movebat

166 3890 304 3959 Cornua
323 3891 496 3976 Parnassi,
516 3888 623 3958 donec
643 3891 721 3978 tibi,
741 3891 958 3981 Delie,·iixus

166 4011 266 4078 Vexit
280 4011 500 4079 arundineam
519 4026 662 4080 centeno
681 4011 821 4084 vulnere
838 4016 966 4090 silvam.

215 4131 300 4218 Quis
318 4131 396 4220 tibi,
416 4155 538 4226 parve,
556 4135 649 4202 Deus
665 4149 734 4204 tam
749 4140 861 4232 magni
879 4142 1028 4233 pondera
1044 4145 1101 4216 luti
