3172 5142
391 425 445 480 118
695 427 909 485 moturos
930 428 1044 486 mun
1058 428 1137 484 vm.
1255 475 1262 484 .
1340 425 1377 490 i'·
1391 425 1450 488 ss·)

386 553 445 621 Me
464 549 552 621 serus
569 546 719 639 Alciden,
737 566 817 622 tunc
834 575 939 646 quum
957 550 1098 622 custode
1112 563 1243 621 remoto

386 675 505 742 Ferrea
525 670 698 742 Cerbereo
717 685 893 742 tacuerunt
912 669 1029 740 iimina
1044 685 1160 765 porte.

343 769 348 784 „
386 790 537 884 Odrysiis
557 792 659 860 etiam
677 791 784 887 pudet
800 787 883 860 heu!
905 792 1052 885 potuisse
1069 788 1212 884 querelis

385 911 550 980 Tartara:
568 911 638 980 vidi
655 925 787 1006 egomet
803 908 929 980 blenda
944 912 1032 982 inter
1049 911 1198 980 carmine
1214 923 1330 1003 turpes

386 1030 611 1102 Eumenidum
628 1030 807 1124 lacrymae,
827 1032 1012 1124 iteratoque
1034 1055 1137 1124 penso
1156 1054 1324 1100 sororum.

385 1154 443 1220 Me
459 1175 595 1246 quoque
616 1177 624 1219 ε
644 1151 701 1221 sed
721 1150 813 1220 durae
832 1151 951 1221 melior
968 1149 1128 1222 violentia
1146 1149 1238 1244 legis.

297 1313 300 1323 ν
384 1276 446 1341 Ast
463 1267 533 1367 ego
544 1272 600 1339 vix
619 1295 741 1358 uuum,
761 1295 823 1340 nec
839 1269 926 1344 oelso
943 1271 986 1340 ad
1006 1269 1134 1358 sidera,
1151 1269 1243 1338 furto

385 1393 497 1460 Ausus
515 1390 590 1477 iter,
608 1389 722 1463 Siculo
736 1392 834 1486 rapui
851 1391 1021 1461 connubia
1040 1415 1182 1485 eampo:

384 1513 457 1581 Nec
476 1510 611 1580 licuisse
626 1510 754 1597 serunt,
775 1512 972 1604 injusteque
988 1511 1033 1579 ab
1052 1513 1135 1580 Jove
1155 1507 1242 1604 leges

384 1631 560 1717 Protinus,
578 1645 615 1699 et
632 1644 760 1700 sectum
781 1632 925 1724 genitrix
945 1631 1029 1700 mihi
1049 1645 1222 1724 computat
1243 1653 1386 1698 annum.

385 1747 452 1816 Sed
470 1747 552 1841 quid
572 1771 635 1842 ego
655 1748 749 1824 hore?
767 1751 800 1838 1,
820 1751 997 1819 Tartareos
1015 1748 1174 1818 ulciscere
1191 1747 1304 1833 sedes,

385 1867 584 1964 Tisiphone,
604 1882 654 1954 et,
672 1870 699 1938 si
718 1867 855 1962 quando
871 1869 967 1936 novis
987 1868 1170 1961 asperrima
1188 1867 1368 1953 monstris,

386 1987 515 2074 Triste,
532 1989 718 2074 insuetum,
738 1990 878 2084 ingens,
897 1987 989 2081 quod
1008 1987 1160 2058 nondum
1180 1987 1302 2055 viderit
1320 1987 1444 2074 other,
1566 2027 1567 2032 κ

387 2104 459 2176 Ede
475 2105 585 2195 nesae,
603 2106 696 2200 qnod
713 2108 816 2178 mirer
835 2131 917 2202 ego,
940 2105 1179 2200 invideantque
1197 2125 1341 2174 sorores.

386 2229 497 2320 Atque
514 2225 599 2298 adeo
615 2226 755 2314 fratres,
775 2227 967 2320 nostrisque
982 2227 1052 2296 haec
1069 2228 1183 2296 omina
1201 2241 1303 2294 sunto

386 2347 500 2415 Prima
516 2345 621 2433 odiis,
641 2345 762 2416 fratres
778 2343 910 2418 alterne
927 2348 963 2416 in
982 2345 1121 2416 vulnero
1139 2344 1214 2414 leto

389 2468 502 2534 Marte
522 2480 623 2534 ruunt
641 2491 649 2534 τ
667 2467 726 2554 sit,
746 2468 803 2558 qui
822 2467 1016 2544 rabidorum
1033 2489 1127 2536 more
1144 2465 1289 2534 serarum

389 2584 531 2676 Mandat
547 2598 643 2654 atrox
659 2585 781 2654 hostile
800 2602 920 2682 caput,
940 2588 1064 2680 quique
1083 2587 1160 2680 igne
1181 2603 1340 2680 supremo

389 2706 509 2775 Amor
527 2705 712 2794 exanimes,
730 2720 763 2774 et
781 2706 936 2776 manibus
954 2707 1078 2776 ethera
1097 2705 1196 2776 nudis

390 2822 623 2894 Commaculet
637 2850 646 2892 :
658 2826 756 2918 juvet
773 2827 837 2894 iste
853 2826 960 2894 ferum
978 2841 1127 2922 spectare
1145 2828 1347 2895 Tonantem.

390 2946 554 3014 Praetereo
574 2969 617 3012 ne
635 2943 706 3014 sola
725 2944 820 3015 furor
838 2967 914 3015 men
931 2971 1035 3041 regne
1054 2944 1209 3033 lacessat,

391 3066 514 3154 Quaere
531 3067 611 3136 Deis
630 3068 689 3158 qui
710 3064 797 3136 bella
816 3067 917 3155 feret,
937 3069 995 3160 qui
1014 3065 1164 3136 fulminis
1181 3069 1289 3160 ignes,

391 3183 620 3278 Infestumque
635 3187 754 3254 Jorem
772 3183 890 3280 clypeo
910 3185 1060 3254 fumante
1080 3184 1226 3278 repellet.

393 3307 483 3372 Faxo
501 3303 593 3376 haud
613 3305 655 3374 sit
672 3306 803 3374 eunctis
823 3303 928 3374 levior
947 3321 1073 3394 metue,
1090 3321 1162 3374 atra
1181 3327 1315 3374 movere

392 3427 550 3512 Tartara,
566 3423 735 3494 frondenti
756 3449 857 3519 quam
874 3426 1015 3520 jungere
1031 3423 1146 3494 Pelion
1168 3426 1297 3493 Ossae.»

444 3546 604 3614 Dixerat:
621 3559 722 3637 etque
740 3542 788 3612 illi
805 3543 1007 3638 jamdudum
1026 3546 1117 3640 regia
1137 3545 1239 3612 tristis

394 3666 553 3736 Attremit
570 3665 696 3751 oranti,
715 3686 864 3758 sueque,
884 3680 919 3734 et
936 3690 1010 3760 quae
1029 3665 1173 3760 desuper
1189 3677 1306 3759 urget,

395 3784 546 3858 Nutabat
564 3783 661 3856 tellus
681 3812 688 3853 :
711 3812 780 3856 nnn
801 3787 919 3858 fortius
936 3789 1059 3857 aethera
1076 3785 1171 3855 vultu

396 3909 563 4000 Torquet,
581 3920 616 3976 et
630 3907 798 3976 astriferos
818 3907 955 3977 inclinat
973 3909 1127 4003 luppiter
1144 3931 1231 3975 axes.

447 4031 518 4097 «At
535 4027 594 4096 tibi
614 4052 698 4120 quoe
716 4028 867 4122 (inquit)
888 4051 1020 4116 mones,
1043 4030 1100 4121 qui
1120 4007 1231 4098 limite
1244 4051 1391 4122 praeoeps
