3080 5136
68 531 103 591 (v.
119 529 189 584 265.)
367 521 623 592 acfflLLttluos
642 521 757 598 uttan
779 521 817 584 ll.

68 660 104 724 Ο
116 648 235 723 timorl
254 650 398 744 eripitur
418 649 547 720 miserae
566 647 747 742 permissus
762 645 918 718 Achilles.

67 780 103 864 1,
124 771 342 867 nequeenim
364 785 476 838 tantos
494 770 603 839 ausim
621 793 780 850 revocare
797 785 955 863 paratus,

67 899 105 981 1,
120 909 255 983 cautus,
274 915 335 961 nec
355 915 441 960 vana
457 889 580 958 Thetin
601 891 753 960 timuisse
773 905 952 962 memento.

67 1019 86 1084 I
105 1012 202 1100 felix,
219 1029 400 1106 nosterque
415 1008 486 1080 redi
502 1035 510 1078 :
527 1011 626 1080 nimis
640 1011 793 1106 improba
813 1035 923 1105 posco.

66 1139 145 1204 Jam
164 1150 196 1203 te
217 1133 418 1228 spectabunt
437 1129 592 1226 lacrymis
608 1129 816 1226 planctuque
832 1132 960 1204 decoras

66 1254 235 1342 Troades,
254 1241 489 1348 optabuntque
507 1255 574 1322 tuis
591 1253 672 1322 dare
689 1251 774 1342 colla
791 1252 943 1343 lacertis,

67 1381 116 1446 Et
132 1376 276 1469 patriam
293 1397 435 1466 pensare
455 1375 535 1442 toris
555 1398 563 1442 ε
581 1387 640 1444 aut
656 1375 731 1467 ipsa
749 1372 895 1468 placebit

68 1495 258 1590 Tyndaris,
275 1495 401 1563 incesta
419 1494 562 1563 nimium
577 1491 715 1565 laudata
731 1497 860 1590 rapina.

69 1623 136 1686 Ast
154 1639 217 1710 ego
238 1612 291 1682 vel
308 1615 426 1709 primae
442 1612 584 1708 puerilis
603 1615 718 1685 fabula
738 1615 847 1710 culpae

69 1737 247 1807 Narrabor
267 1733 417 1822 famulis,
436 1749 496 1804 aut
512 1735 722 1806 dissimulata
740 1735 862 1808 latebo.

69 1841 166 1948 Quin
186 1881 267 1952 age,
285 1856 351 1927 duo
369 1858 526 1926 comitem
546 1883 556 1926 ι
576 1882 637 1927 cur
653 1883 722 1927 non
740 1884 805 1954 ego
821 1861 947 1929 Martia
969 1877 1079 1930 tecum

69 1980 177 2072 Signa
192 1975 321 2046 feram?
340 1991 378 2048 tu
399 2002 502 2072 pensa
520 2003 644 2068 manu,
666 1979 882 2073 Baccheaque
901 2004 1032 2050 mecum

70 2102 195 2187 Sacra,
215 2095 307 2193 quod
327 2096 441 2167 infelix
461 2122 530 2167 non
546 2097 660 2168 credet
675 2100 792 2192 Troia,
811 2099 930 2172 tulisti.

70 2229 228 2290 Attamen
250 2218 360 2318 hunc,
378 2243 477 2312 quem
497 2234 612 2288 moesta
629 2220 714 2288 mihi
731 2217 851 2290 solatia
869 2221 1010 2315 linquis,

71 2343 174 2408 Hunc
191 2336 310 2409 saltem
327 2340 390 2408 sub
411 2338 512 2408 corde
530 2354 606 2408 tene
625 2365 634 2408 :
655 2355 688 2408 et
706 2340 854 2410 concede
872 2344 1023 2436 precanti

71 2463 149 2528 Hoc
168 2456 295 2548 solum,
315 2459 425 2553 pariat
440 2485 482 2529 ne
500 2460 582 2552 quid
599 2461 658 2528 tibi
675 2460 818 2532 barbara
833 2464 977 2556 conjux,

71 2581 127 2648 Ne
145 2604 211 2673 qua
228 2579 287 2648 det
303 2579 463 2674 indignos
482 2581 616 2650 Thetidi
633 2586 765 2676 captiva
783 2599 936 2676 nepotes.
955 2613 971 2647 a

124 2697 218 2769 Talia
237 2698 403 2769 dicentem
422 2725 491 2768 uon
512 2700 583 2795 ipse
604 2703 763 2772 immotus
785 2702 930 2773 Achilles

72 2817 221 2907 Solatur,
239 2820 398 2915 juratque
417 2818 536 2910 iidem,
552 2822 731 2917 jurataque
747 2823 828 2894 lletu

73 2937 239 3032 Spondet,
258 2955 292 3009 et
311 2941 464 3036 ingentes
484 2939 641 3030 famulas,
663 2958 867 3037 captumque
885 2970 1040 3014 reversus

73 3060 183 3146 Ilion,
202 3074 237 3127 et
255 3061 407 3156 Phrygiae
425 3061 592 3156 promittit
610 3087 751 3131 munera
769 3089 866 3156 gaza.

73 3181 175 3247 lrrita
194 3195 338 3249 ventosae
355 3181 529 3275 rapiebant
549 3181 650 3250 verba
669 3182 835 3279 procellae.

124 3301 227 3369 Exuit
243 3301 443 3395 implicitum
464 3302 610 3372 tenebris
628 3303 848 3374 humentibus
867 3307 983 3375 orbem

73 3423 214 3489 Oceano
229 3420 362 3514 prolata
382 3421 470 3512 dies,
488 3425 686 3520 genitorque
706 3450 853 3496 coruscae
899 3463 901 3468 ·

71 3543 195 3629 Lucis,
213 3540 324 3610 adhuc
342 3543 495 3612 hebetem
519 3545 628 3614 vicina
644 3561 763 3630 no‘cte,
787 3546 933 3637 levabat,

70 3667 119 3730 Et
138 3663 289 3732 nondum
310 3649 447 3734 excusso
467 3681 638 3736 rorantem
655 3665 811 3764 lampada
832 3684 951 3764 ponto.

69 3787 118 3850 Et
133 3783 204 3875 jam
224 3786 366 3876 punicea
385 3785 549 3854 nodatum
566 3805 705 3882 pectora
723 3789 830 3884 palla,

70 3903 310 3999 Insignemque
328 3906 408 4000 ipsis
426 3931 500 3999 quae
519 3909 629 4001 prima
646 3911 816 3984 invaserat
834 3915 935 3982 armis

71 4023 234 4093 AEaciden
254 4027 394 4122 (quippe
411 4051 492 4096 aura
511 4043 627 4120 vocat,
648 4049 858 4128 cognatoque
877 4033 1019 4104 suadent

71 4144 243 4238 AEquora)
263 4161 479 4240 prospectant
499 4152 631 4241 cuncti,
650 4153 891 4248 juvenemque,
909 4153 1098 4246 ducemque

910 4299 962 4368 19.
