3080 5136
105 473 213 538 (sat.)
410 469 670 527 heumanmus
690 471 804 527 LIBER
824 471 864 528 11.
1110 473 1167 528 ass

105 598 252 694 Hospita
273 621 316 666 oc
336 596 448 668 subito
468 574 634 665 terrerent
649 596 774 672 moenia
790 611 896 683 catu,
921 593 924 600 ’

105 723 228 814 Puppe
244 717 341 812 jubet
358 741 530 788 remanere
548 741 628 788 suos
643 742 652 800 ,²
670 719 742 812 ipse
761 716 868 797 ardua
879 716 954 810 ,fido

106 843 198 910 Cum
214 836 380 909 Diomede
397 837 510 932 petit:
531 836 591 906 sed
605 838 675 932 jam
693 853 901 933 praevenerat
918 840 1009 928 arcis

106 963 256 1030 Litoreae
274 971 426 1054 servator
443 958 551 1044 Abas,
561 961 751 1052 ignotaque
768 959 840 1052 regi

107 1079 286 1166 Ediderat,
304 1077 363 1148 sed
383 1079 487 1147 Graia
507 1092 637 1163 tamen,
653 1076 833 1150 succedere
850 1079 947 1146 terris

110 1198 260 1272 Carbasa
280 1223 289 1267 t
312 1196 515 1291 procedunt,
535 1197 660 1292 gemini
677 1221 739 1266 ceu
755 1193 881 1282 saedere
897 1197 1017 1291 juncto

107 1319 260 1388 Hiberna
280 1317 344 1388 sub
362 1332 461 1386 nocte
478 1315 570 1410 lupi;
587 1314 666 1386 licet
685 1330 719 1386 et
735 1340 797 1397 sua
815 1315 927 1411 pulset

108 1439 346 1531 Natorumque
362 1437 485 1523 fames,
503 1437 638 1532 penitus
656 1438 853 1530 rabiemque
869 1439 1046 1533 minasque

109 1557 354 1647 Dissimulant,
374 1556 587 1652 humilesque
604 1574 736 1647 meant,
756 1583 799 1628 ne
818 1561 954 1629 nuntiet
971 1560 1084 1638 hostes

110 1684 205 1751 Cura
224 1704 363 1766 canum,
382 1677 580 1774 ettrepidos
598 1695 735 1756 moneat
753 1679 894 1776 yigilare
912 1681 1100 1775 magistros.

161 1802 216 1870 Sic
230 1825 349 1896 segnes
365 1802 484 1872 heroes
501 1815 604 1885 eunt,
624 1825 848 1897 campumque
866 1815 1056 1896 patentem,

110 1923 183 2012 Qui
204 1920 333 1991 medius
352 1936 489 2017 portum
509 1919 700 2014 celsumque
716 1923 892 2016 interjacet
909 1922 1046 2010 urbem,

111 2040 252 2114 Alteroo
271 2065 428 2114 sermone
444 2055 561 2112 serunt
580 2069 589 2111 ι
610 2042 705 2137 prior
722 2057 868 2136 occupat
885 2067 963 2122 acer

111 2162 256 2259 Tydides
276 2190 286 2232 ε
304 2165 412 2253 «Qua
429 2187 522 2234 nunc
539 2187 656 2232 verum
676 2162 809 2239 ratiorm
828 2187 987 2258 paramus

113 2283 284 2354 Scrutari?
302 2307 447 2382 namque
464 2285 623 2379 ambiguo
640 2283 703 2356 sub
720 2299 854 2378 pectore
870 2284 1042 2378 quondam

112 2406 240 2488 Verso,
260 2403 343 2498 quid
361 2400 513 2475 imbelles
535 2403 670 2497 thyrsos
686 2418 854 2474 mercatus
868 2419 904 2474 et
920 2429 1002 2492 era,

113 2523 264 2594 Urbibus
282 2526 318 2593 in
339 2524 475 2612 mediis,
498 2525 719 2617 Baccheaque
742 2539 856 2620 terga,
877 2527 1059 2619 mitrasque

112 2649 189 2713 Huc
206 2644 340 2734 tuleris,
360 2645 521 2744 varioque
539 2645 713 2740 adspersas
733 2647 891 2718 nebridas
909 2649 1018 2735 auro?

113 2765 218 2834 Hisne
227 2789 363 2860 gravem
371 2765 561 2860 Phrygibus
570 2768 773 2862 Priamoque
781 2793 950 2838 armamus
960 2767 1169 2840 habilleml»
1271 2845 1274 2852 ¹

74 2955 81 2970 ‚
164 2882 218 2954 llli
236 2884 413 2958 subridens
429 2886 566 2958 Ithacus
581 2884 735 2981 paullum
752 2912 811 2957 ore
828 2889 969 2958 remisso
987 2915 996 2956 ε

114 3035 130 3068 o
148 3008 227 3074 Haec
249 3006 327 3094 tibi,
346 3007 500 3102 virginee
519 3007 622 3078 modo
640 3009 667 3078 si
686 3007 884 3104 Lycomedis
903 3011 938 3077 in
959 3008 1038 3077 aula

113 3123 245 3194 Fraude
261 3125 386 3214 latens,
406 3126 498 3200 ultro
516 3128 705 3200 confessum
721 3131 757 3198 in
775 3127 894 3224 proelia
910 3127 1038 3198 ducent

114 3244 251 3316 Peliden
273 3273 281 3316 :
300 3262 339 3322 tu
359 3261 480 3320 cuncta
497 3250 585 3320 citus
601 3248 642 3318 de
658 3273 773 3346 puppe
793 3263 963 3321 memento

109 3371 232 3474 ¹Ferre,
253 3368 312 3440 ubi
332 3383 465 3463 tempus
488 3370 570 3458 erit,
589 3368 812 3465 clypeumque
826 3369 880 3444 his
889 3371 1032 3465 jungere
1051 3369 1168 3459 donis,

106 3487 184 3574 ¹Qui
203 3486 343 3581 pulcher
360 3490 483 3584 signis,
503 3513 655 3583 auroque
675 3493 878 3584 asperrimus
897 3490 1002 3560 ardet.

114 3611 192 3676 Haec
208 3621 259 3678 sat
275 3625 376 3678 erunt
393 3635 401 3678 :
420 3625 533 3682 tecum
552 3611 637 3682 lituo
655 3612 765 3682 bonus
781 3611 869 3683 adsit
884 3616 1041 3706 Agyrtes,

115 3728 358 3836 Occulhtamque
375 3731 493 3802 tubam
512 3735 631 3803 tacitos
647 3747 805 3829 apportet
820 3735 855 3807 in
873 3758 996 3803 usus.»

161 3849 317 3936 Dixerat,
335 3863 436 3946 atque
452 3853 525 3946 ipso
542 3867 716 3949 portarum
734 3857 768 3924 in
785 3852 901 3926 limine
917 3877 1031 3948 regem

115 3971 253 4058 Cernit,
270 3987 305 4041 et
322 3988 455 4044 ostensa
475 3999 590 4068 pacem
608 3975 768 4068 prefatus
782 3974 881 4045 oliva.

163 4117 179 4150 α
197 4091 342 4185 Magna,
359 4119 446 4182 reor,
463 4094 593 4187 pridem
612 4089 742 4164 vestras¹
754 4097 908 4189 pervenit
929 4094 971 4164 ad
993 4120 1088 4163 aures
